3780 5536
789 508 981 578 Hieronymus,
1484 516 1541 576 105

136 681 254 835 ACHb
276 773 287 837 1
319 673 423 738 Itbeth
446 676 532 759 regie
557 675 734 759 principum
755 676 858 742 Edem
880 677 912 740 in
934 679 1041 741 eadem
1064 679 1101 740 de
1124 700 1186 762 qua
1208 699 1303 759 supra
1325 675 1460 739 diximus
1485 673 1543 738 Ge-

256 797 275 836 a
290 797 354 837 ene.

616 974 664 1039 De
686 974 835 1040 Numeris
858 980 889 1040 et
910 976 1165 1043 Deuteronomio,

318 1123 481 1189 letabutha
504 1131 606 1190 eastra
627 1127 660 1189 in
683 1126 852 1190 solitudine
874 1127 1013 1192 filiorum
1034 1125 1140 1192 Israel.

199 1347 216 1396 3
321 1341 419 1406 Ianna
441 1364 520 1424 quae
543 1347 590 1405 est
611 1342 643 1406 in
666 1363 776 1424 eampo
792 1343 886 1406 Moab
903 1345 1014 1407 subtus
1033 1343 1183 1407 uerticem
1198 1341 1310 1426 Fasge‚
1331 1342 1426 1405 idest
1444 1340 1548 1418 exeisi,

236 1445 323 1525 qued
345 1441 472 1524 raspieit
494 1444 533 1504 ad
555 1445 712 1506 desertum
735 1441 822 1506 iuxta
836 1443 959 1507 Arnon.

320 1657 407 1722 lassa
428 1659 483 1721 ubi
506 1661 655 1723 aduersus
680 1658 763 1723 Seon
790 1659 1031 1724 Amorraeorum
1061 1677 1167 1741 regem
1188 1658 1361 1722 dimicatur.
1406 1656 1550 1720 meminit

237 1759 334 1823 huius
357 1757 467 1821 Esaias
489 1758 521 1820 in
544 1759 665 1822 uisione
697 1762 805 1822 eontra
827 1759 934 1836 Moab,
965 1761 1019 1821 sed
1042 1762 1072 1820 et
1093 1755 1249 1836 Ieremias,
1273 1761 1303 1820 et
1333 1779 1432 1840 usque
1454 1757 1548 1821 hodie

239 1858 418 1922 ostenditur
439 1857 521 1920 inter
542 1856 710 1922 Medabam
736 1863 767 1921 et
788 1856 904 1922 Debus.

187 2084 222 2136 10
324 2073 412 2140 Iazer
442 2074 554 2138 oiuitas
575 2074 820 2139 Amerraeorum
853 2075 886 2137 in
917 2075 1038 2138 deeimo
1069 2073 1174 2154 lapide
1201 2070 1383 2135 Filadelfiae
1414 2075 1452 2134 ad
1475 2070 1551 2134 solis

242 2196 389 2239 oceasum
411 2177 496 2238 trans
519 2172 691 2238 Iordanem.
728 2196 808 2256 quae
831 2175 892 2237 fuit
912 2174 1063 2238 terminus
1085 2174 1186 2237 tribus
1207 2172 1281 2237 Gad.
1312 2172 1552 2254 extenditurque

241 2296 343 2358 usque
365 2273 473 2350 Aruer,
503 2295 584 2356 quae
613 2277 644 2337 et
671 2274 740 2356 ipsa
769 2274 899 2356 respicit
920 2276 960 2336 ad
981 2272 1099 2337 Rabba.
1141 2271 1283 2336 meminit
1304 2272 1391 2336 urbis
1413 2270 1500 2336 Iazer
1522 2275 1553 2335 et

242 2374 354 2439 Esaias
384 2375 417 2437 in
447 2373 569 2438 uisiene
598 2377 707 2437 eontra
728 2375 838 2450 Moab,
869 2377 924 2438 sed
955 2379 985 2437 et
1006 2373 1160 2438 Ieremias
1200 2373 1261 2436 fuit
1282 2376 1387 2435 autem
1409 2374 1553 2453 separata

243 2474 370 2544 Leuitis
394 2477 425 2538 et
448 2474 544 2538 distat
566 2475 604 2537 ab
626 2472 753 2537 Esebon
775 2473 902 2537 milibus
925 2472 1116 2556 quindecim,
1140 2495 1156 2536 e
1179 2493 1242 2555 qua
1262 2490 1414 2555 magnum
1436 2469 1553 2534 flumen

194 2583 226 2634 15
246 2596 412 2657 erumpens
435 2595 454 2635 a
475 2570 606 2636 Iordane
629 2573 807 2656 suscipitur.

328 2788 471 2853 Iordanis
500 2788 618 2853 fluuius
648 2789 791 2852 diuidens
814 2789 971 2866 Iudaeam,
1000 2788 1151 2852 Arabiam
1183 2792 1214 2851 et
1235 2787 1401 2866 Anionem,
1431 2787 1469 2848 de
1491 2806 1555 2867 quo

247 2912 341 2973 supra
363 2887 507 2966 diximus,
529 2892 561 2952 et
581 2909 682 2971 usque
704 2891 743 2951 ad
764 2911 849 2952 mare
871 2893 1031 2952 mortuum
1052 2886 1164 2967 fluere,
1188 2888 1242 2970 qui
1264 2891 1337 2969 post
1358 2884 1474 2949 multos
1496 2883 1556 2946 eir·

248 2990 351 3054 euitus
369 2988 457 3051 iuxta
478 2986 600 3052 Iericho
623 2991 747 3051 mortuo
771 2989 959 3051 commixtus
981 2987 1060 3050 mari
1082 3010 1197 3051 nomeu
1219 2986 1345 3051 amittit.

330 3087 495 3152 Ietabatha
525 3087 614 3150 loeus
637 3087 669 3149 in
691 3089 826 3164 deserte,
857 3087 912 3150 ubi
933 3091 1088 3151 torrentes
1115 3109 1267 3170 aquarum
1294 3089 1510 3150 demonstrant
1533 3106 1556 3148 r.

197 3325 232 3378 20
332 3303 453 3368 Ierieho
484 3305 558 3368 urbs
590 3326 682 3387 quam
706 3303 837 3368 Iordane
864 3309 1059 3387 transgresso
1086 3303 1241 3366 subuertit
1262 3302 1349 3367 Iesus
1376 3320 1449 3385 rege
1470 3299 1557 3364 illius

249 3405 427 3482 interfecto,
454 3425 512 3486 pro
540 3426 602 3487 qua
630 3405 767 3467 extruxit
793 3403 887 3467 aliam
915 3401 1011 3468 Ozam
1040 3406 1077 3466 de
1104 3401 1217 3467 Bethel
1244 3403 1404 3467 extribus
1426 3399 1556 3476 Efraim,

249 3526 343 3588 quam
365 3506 512 3568 dominus
533 3507 641 3567 noster
662 3507 756 3585 atque
778 3503 918 3568 saluator
939 3525 995 3566 sua
1011 3502 1021 3586 ΙΙ
1038 3503 1214 3585 praesentia
1234 3501 1393 3566 illustrare
1409 3501 1557 3584 dignatus
1575 3511 1624 3564 13?

249 3609 303 3670 est.
346 3606 401 3668 sed
432 3608 463 3667 et
492 3605 568 3668 haee
600 3625 636 3668 eo
658 3607 798 3686 tempore
826 3626 888 3688 quo
911 3603 1082 3666 Ierusalem
1104 3603 1346 3684 oppugnabatur
1366 3623 1385 3663 a
1407 3598 1558 3664 Romanis

249 3709 379 3787 propter
407 3703 573 3786 perfidiam
603 3703 721 3767 oiuium
752 3709 843 3786 oapta
874 3709 968 3786 atque
1001 3705 1159 3766 destructa
1190 3706 1244 3766 est.
1287 3723 1344 3783 pre
1376 3721 1440 3784 qua
1465 3698 1558 3762 tertia

200 3815 233 3868 25
251 3805 416 3867 aedificata
438 3807 486 3866 est
507 3802 628 3881 ciuitas,
649 3823 729 3885 quae
756 3803 912 3885 hodieque
942 3806 1113 3885 permanet.
1156 3805 1187 3865 et
1214 3803 1423 3864 ostenduntur
1442 3799 1559 3863 utrius·

251 3925 312 3986 que
334 3903 421 3967 urbis
443 3903 578 3986 uestigia
599 3924 701 3986 usque
723 3902 755 3965 in
777 3907 974 3984 praesentem
996 3902 1087 3966 diem.

339 4405 407 4460 rer.
427 4405 482 4473 vgl.
502 4407 526 4459 a.
548 4409 586 4471 15,
605 4407 638 4460 aa

338 4591 482 4645 lietheth
501 4591 543 4642 Lo
612 4589 950 4661 41egabatha(rsso)u
1025 4587 1199 4642 9Medaban
1218 4587 1299 4655 (0)Ιῖ
1367 4585 1401 4638 ll
1422 4586 1559 4655 oceasum]

251 4691 357 4745 deerret
377 4690 484 4746 Isr'r'ede?
501 4693 550 4759 apl.
569 4693 593 4745 V
664 4691 805 4767 laureis]
823 4691 903 4744 huius
926 4691 949 4745 0
