3780 5536
672 469 676 478 ’
778 477 967 545 Hieronymus.
1486 487 1524 544 45
1631 487 1634 493 '

178 661 203 716 0
217 650 404 728 sipoifieuus.
439 651 489 710 sed
503 656 529 710 et
545 656 666 728 propter
688 652 811 710 eundem
825 650 972 710 Bethleem
992 650 1070 726 repis
1085 650 1235 727 quondam
1248 649 1374 709 Iudaeae
1388 649 1527 708 Archelai

218 750 354 810 tremulus
375 751 546 823 ostenditur,
568 751 622 827 qui
642 749 763 809 semilae
783 751 822 808 ad
843 749 957 809 cellulis
978 756 1097 810 uestros
1114 769 1129 808 e
1149 751 1203 809 uio
1217 749 1339 826 publiea
1353 749 1525 808 diuerte'utis

211 850 400 927 principium
430 856 480 910 est.
524 847 698 910 uocabatur
727 850 831 910 autem
853 844 1018 909 Bethleem
1048 850 1080 909 et
1109 843 1193 908 filius
1223 843 1391 921 Efrathue,
1422 849 1453 908 id
1482 854 1526 908 est

215 951 341 1024 Martae,
373 948 408 1008 ut
438 944 471 1008 in
493 943 756 1027 Paralipomenon
786 943 949 1008 uolumine
978 943 1102 1027 plenius
1133 943 1254 1008 dicitur.
1297 947 1354 1024 leqe
1375 948 1526 1025 dilipeuter

182 1050 380 1112 otietur-iam.

147 1231 202 1287 AG
775 1226 823 1291 De
844 1226 965 1292 Exodo.

297 1342 472 1408 Beelsefon.
514 1344 548 1407 in
580 1346 702 1408 deserto
732 1347 834 1407 eastra
863 1342 1000 1407 filiorum
1030 1341 1128 1407 Israel
1157 1343 1244 1406 iuxta
1276 1365 1362 1406 mare
1392 1344 1523 1407 rubrum
1568 1381 1573 1390 ·

215 1443 448 1527 egredientibus
470 1443 661 1526 Aegyptum.

593 1625 642 1690 De
663 1623 814 1713 Numeris
837 1628 867 1689 et
888 1624 1144 1690 Deuteronomio.

168 1761 200 1814 10
301 1742 479 1808 Baneisean
501 1745 534 1808 in
557 1745 679 1808 deserto
702 1746 804 1806 eastra
824 1740 946 1806 itineris
968 1741 1105 1806 filiorum
1127 1740 1232 1806 Israel.

298 1943 444 2009 Bamoth.
488 1943 599 2008 ciuitas
630 1944 873 2006 Amorraeorum
903 1945 989 2006 trans
1011 1941 1175 2007 Iordanem
1204 1944 1238 2006 in
1259 1942 1396 2016 Arnone,
1428 1963 1523 2024 quam

214 2045 422 2126 possederunt
442 2041 501 2106 filii
522 2043 644 2108 Ruben.

296 2141 414 2222 Busan,
443 2165 538 2226 super
568 2163 630 2225 qua
660 2140 819 2205 soribitur:
853 2145 903 2205 »et
924 2141 974 2224 Og
1004 2159 1109 2224 regem
1131 2142 1265 2207 Basanr.
1307 2142 1389 2205 hano
1418 2146 1523 2218 autem

215 2241 375 2306 Maubathi
391 2241 629 2325 cognominauit
643 2241 751 2304 Auoth
766 2238 836 2319 Iair,
859 2240 919 2305 hoo
934 2244 982 2304 est
1002 2233 1158 2317 ἐπαύλεις
1179 2230 1263 2324 'lata
1293 2239 1468 2324 ceciditque
1490 2241 1523 2302 in

165 2365 197 2418 15
216 2345 330 2406 sortem
353 2342 500 2406 dimidiae
514 2341 615 2406 tribus
630 2340 775 2406 Manasse
796 2341 927 2405 interra
943 2338 1072 2404 Galaad:
1093 2341 1171 2405 haee
1191 2345 1237 2405 est
1253 2340 1418 2418 Basanitis,
1442 2361 1522 2423 quae

215 2462 299 2505 nuno
320 2441 481 2506 Batanaea
502 2441 625 2505 dicitur.

297 2539 477 2625 Beelfegor,
509 2543 594 2626 quod
625 2541 848 2623 interpretatur
877 2539 1079 2604 simulacrum
1105 2539 1325 2622 ignominiae*
1347 2544 1395 2604 est
1417 2544 1522 2604 autem

213 2639 334 2704 idolum
348 2641 444 2706 Moab
467 2645 677 2725 cognomento
693 2638 773 2704 Banl
794 2661 889 2722 super
910 2644 1049 2704 montem
1065 2637 1183 2723 logor,
1205 2663 1292 2721 quem
1306 2643 1412 2703 Latini
1434 2643 1521 2702 Pita-

207 2763 285 2819 pum
306 2751 423 2805 uorum.
460 2747 533 2806 etde
547 2747 600 2805 hoe
614 2745 649 2804 iu
663 2744 747 2803 libris
760 2743 975 2803 Hebruiourum
989 2745 1198 2820 quaestionum
1206 2744 1330 2820 plenius
1345 2744 1456 2804 dietum
1471 2747 1521 2801 est.

160 2858 196 2914 ρο
292 2839 399 2903 Baean
422 2840 533 2905 ciuitas
555 2841 813 2918 Amorraeorum,
844 2861 924 2922 quae
947 2843 978 2902 et
999 2840 1068 2922 ipsa
1089 2862 1107 2902 a
1128 2838 1202 2903 filiis
1225 2838 1336 2904 Ruben
1360 2841 1446 2903 tenta
1469 2841 1523 2901 est·

292 3037 301 3122 i
323 3039 566 3104 Bethamnaram
596 3043 682 3104 trans
704 3040 884 3118 Iordanem,
916 3061 1010 3122 quam
1032 3039 1211 3104 aedifioauit
1231 3040 1333 3104 tribus
1356 3038 1432 3105 Gad.
1476 3042 1588 3103 est102

213 3139 369 3223 hodieque
401 3138 479 3204 uilla
500 3139 719 3204 Bathnamaris
750 3139 783 3202 in
810 3138 920 3222 quinto
944 3161 962 3202 a
982 3137 1111 3202 Liuiade
1133 3139 1268 3204 miliario
1295 3143 1405 3205 eontra
1434 3139 1523 3222 aqui·

186 3345 189 3352 '
211 3238 469 3404 IOHORtharm
490 3345 577 3404 trans
598 3338 772 3416 Iordanem,
795 3359 890 3422 quam
912 3336 1091 3402 aedifieauit
1112 3338 1213 3402 tribus
1237 3337 1314 3405 Gad.

162 3568 196 3622 25
296 3536 466 3603 Beelmeon
496 3543 582 3602 trans
611 3536 794 3618 Iordanem,
822 3560 916 3622 quam
946 3537 1192 3602 aedifioauerunt
1222 3537 1280 3602 filii
1310 3537 1430 3602 Ruben.
1474 3541 1523 3600 est

214 3641 319 3702 autem
340 3638 429 3703 uiuus
452 3660 551 3721 usque
573 3659 657 3701 nune
678 3640 806 3722 grandis
827 3637 915 3703 iuxta
937 3636 1041 3701 Baaru
1063 3637 1096 3700 in
1118 3638 1249 3716 Arabia,
1276 3639 1331 3702 ubi
1353 3659 1450 3720 aquas
1473 3658 1522 3699 oa-

300 4247 380 4304 run.
399 4246 454 4316 vgl.
473 4245 546 4300 Hier.
565 4262 662 4300 comm.
680 4245 709 4300 in
727 4247 773 4302 Jes
791 4251 815 4312 2,
834 4249 878 4303 13:
905 4248 995 4302 Busan
1013 4248 1089 4318 regio
1107 4251 1149 4302 est
1166 4247 1292 4312 Arabiae,
1312 4247 1355 4302 eui
1372 4247 1522 4318 imperauit

214 4345 257 4416 Og
275 4345 321 4414 qui
339 4345 492 4417 appellatus
510 4349 553 4400 est
570 4364 617 4402 rex
635 4348 726 4402 Basan
780 4351 818 4405 lt
837 4349 902 4402 Psal
915 4351 971 4417 135,
991 4349 1043 4403 11?
1114 4350 1148 4404 17
1162 4350 1195 4405 r.
1215 4348 1269 4418 vgl.
1283 4349 1355 4403 Hier,
1374 4366 1472 4403 comm.
1491 4349 1521 4402 in

215 4447 271 4504 Hos
283 4449 308 4516 9,
321 4450 353 4506 10
359 4448 389 4502 i:
408 4449 580 4522 Beelphegor
597 4451 702 4506 idolum
714 4452 906 4516 Moabitarum,
926 4468 1007 4520 quem
1024 4467 1074 4504 nos
1087 4450 1215 4521 Priapum
1228 4469 1370 4521 possumus
1383 4451 1520 4522 appellare

300 4653 339 4708 22
358 4652 550 4709 Bethamuaris
569 4657 594 4708 A
664 4657 702 4711 26
720 4656 828 4710 Bauruu
846 4655 870 4708 A
890 4655 991 4708 Burum
1013 4654 1036 4710 O
