3750 5540
366 477 423 539 138
948 469 1088 524 Eusebius.

291 664 345 717 42v
443 639 594 720 ΙΝαφέθ
614 638 686 722 (Jos
712 647 757 716 17,
782 647 839 718 11).
884 641 994 724 φυλής
1017 641 1188 722 Μανασσῆ.

448 735 689 819 Νααλώλίίοε
714 741 844 822 1915).
886 731 1015 823 κλήρου
1039 733 1238 819 Ζαβουλοόν.
1270 730 1370 815 πόλις
1393 739 1548 817 Λευίταις
1578 730 1672 820 ἄφω-

363 857 416 902 σισ
442 840 506 902 ε’νι.

363 896 373 917 ⁸
417 861 561 1016 μΝίκίβ
582 935 651 1019 (Jos
676 944 721 1017 19,
744 939 806 1020 33).
848 931 978 1024 κλήρου
1002 942 1209 1023 Νεφθαλείμ.

329 1177 345 1228 5
831 1146 911 1219 Ἀπὸ
935 1157 1009 1220 τῶν
1032 1157 1179 1236 Κριτων.
1688 1165 1737 1218 284

451 1295 560 1368 Νεελό
583 1303 691 1382 (Rioht
715 1313 744 1382 1,
767 1307 825 1385 30).
869 1297 937 1372 ἀπὸ
960 1298 1086 1388 ταύτης
1109 1299 1189 1383 τούς
1210 1297 1426 1386 ἀλλοφύλους
1451 1293 1530 1369 »οὐκ
1555 1301 1665 1386 ἐξῆρε(

365 1398 559 1481 Ζιιβουλοίν.
588 1415 695 1468 κεῖται
717 1405 769 1467 καὶ
794 1402 831 1468 ὲν
853 1407 896 1486 τῇ
919 1406 1095 1491 Βαταναίᾳ
1118 1397 1248 1470 Νεειλό.

446 1493 560 1582 Νοββό
583 1501 740 1582 (Richts,
767 1507 824 1582 11).
868 1501 952 1568 ἔνθα
984 1495 1084 1586 ἀνέβη
1109 1498 1251 1570 Γεδεών.
1295 1489 1339 1586 ήν
1360 1503 1396 1567 δὲ
1417 1494 1518 1579 πόλις
1540 1500 1668 1584 ἱερέων,

363 1593 406 1684 ἣν
427 1602 597 1680 κατέκοψε
619 1595 742 1668 Σαούλ.

313 1722 345 1776 10
446 1693 561 1782 Νεμρό
584 1700 652 1782 (Jos
677 1709 723 1778 13,
746 1705 826 1784 271).
861 1693 960 1779 πόλις
981 1693 1109 1782 Ῥουβὶν
1131 1702 1167 1768 ἐν
1189 1704 1230 1785 γῇ
1254 1704 1288 1765 Γ
1283 1692 1399 1767 αλαόδ.
1435 1702 1490 1766 καὶ
1514 1701 1576 1766 νῦν
1597 1700 1668 1766 ἐστι

363 1795 506 1882 Νιιμαρὰ
528 1794 625 1882 κώμη
646 1803 782 1884 μεγίστη
804 1801 840 1865 ἐν
863 1804 905 1883 τῇ
928 1803 1112 1888 Βαταναίᾳ.

915 2020 1112 2084 Βαοιλειῶν.

444 2161 588 2231 ΝαυῖτόίίΙ
611 2166 638 2246 (I
655 2169 728 2232 Sam
746 2173 791 2246 19,
809 2169 858 2234 18)
903 2168 958 2233 »ἐν
972 2159 1107 2249 (Ραμᾶι.
1136 2160 1245 2246 πόλις,
1268 2165 1354 2233 ἔνθα
1370 2167 1473 2232 Ααυὶδ
1486 2166 1665 2251 ὲκαθίσθη.

443 2359 569 2446 Ναχών
591 2367 633 2443 (11
656 2366 730 2431 Sam
753 2375 780 2445 6,
803 2369 840 2446 6).
883 2355 1036 2443 »ἅλωνος
1058 2363 1216 2450 Ναχοόνι.
1256 2358 1298 2430 'A'
1322 2354 1457 2444 ἅλωνος
1480 2363 1622 2450 ἑτοίμης.

309 2583 341 2634 15
442 2555 569 2643 Νεφόθ
591 2564 618 2644 (l
641 2565 712 2628 Κὸυ
734 2573 762 2644 4,
787 2569 843 2646 11).
886 2559 986 2642 πόλις
1008 2560 1174 2648 ἄρχοντος
1196 2561 1375 2647 Σολομιόν.

443 2664 590 2746 Νηριγέλ
613 2663 654 2745 (ll
678 2665 749 2728 Κόυ
774 2673 820 2744 17,
844 2669 902 2745 36).
945 2668 999 2730 καὶ
1032 2658 1162 2749 ταύτην
1188 2661 1325 2731 ἔκτισαν
1347 2665 1384 2730 ἐν
1408 2667 1449 2748 τῇ
1471 2655 1610 2750 Ἰουδαίᾳ
1634 2663 1665 2730 υἱ

359 2753 426 2827 ἀπὸ
451 2763 658 2841 Βαβυλῶνος
680 2767 894 2846 Σαμαρεῖται.

452 2862 554 2940 1αζίβ
567 2861 609 2940 (II
621 2863 693 2926 Κὸυ
705 2869 751 2940 17,
762 2865 824 2945 31).
855 2866 909 2930 καὶ
926 2858 1055 2947 ταύτην
1070 2863 1206 2930 ἔκτισαν
1228 2863 1260 2930 οἱ
1276 2863 1312 2929 ἐν
1327 2867 1368 2947 τῇ
1384 2855 1524 2950 Ἰουδαίᾳ
1540 2854 1666 2929 Εόαῖοι.

442 2953 595 3043 Νεσαράχ
618 2961 659 3042 (II
682 2963 755 3026 Κόυ
781 2970 825 3042 19,
848 2965 908 3046 37).
951 2964 1096 3029 εἴδωλον
1117 2954 1303 3044 Ἀσσυρίων.

307 3087 341 3140 20
443 3062 606 3143 Νεβηρείμ
630 3059 698 3142 (Jes
723 3069 768 3139 15,
791 3065 830 3141 6).
872 3055 1003 3139 Ἠσαίας
1030 3063 1066 3129 ἐν
1090 3055 1203 3147 ὁράσει
1226 3066 1268 3146 τῇ
1302 3056 1407 3127 »κατὰ
1437 3063 1498 3144 τῆς
1529 3063 1663 3138 Μωαβῖ·

359 3160 481 3234 τιὸοςι.
503 3161 558 3223 καὶ
580 3151 738 3244 Ἱερεμίας.
775 3163 829 3226 καὶ
852 3159 923 3226 ἔστι
947 3165 1009 3227 νῦν
1026 3165 1263 3247 Βηνναμαρεὶμ
1286 3163 1322 3227 ἐκ
1343 3163 1489 3245 βορείων
1514 3163 1680 3242 Ζουρων.’

441 3352 589 3438 Ναβεοόθ
611 3357 677 3438 (Jes
700 3365 747 3432 60,
770 3361 811 3442 7).
853 3356 947 3444 χώρα
971 3362 1007 3427 ἐν
1027 3353 1147 3448 Ἡσαίηι.

783 3568 878 3660 <ἶίπὸ
903 3581 976 3644 τῶν
1000 3569 1238 3662 Εὖαγγελίων.)

442 3725 602 3804 Ναζαρέθ
623 3724 738 3798 (Matth
762 3733 789 3806 2,
812 3731 872 3810 23).
916 3717 1000 3795 ὅθεν
1023 3719 1041 3794 ό
1066 3721 1212 3810 Χριστός
1229 3731 1426 3810 Ναζωραῖος
1449 3717 1588 3810 ἐκλήθη,
1611 3727 1664 3790 καὶ

307 3851 340 3907 25
389 3826 581 3906 Ναζαρηνοὶ
613 3817 654 3888 τό
685 3820 834 3892 παλαιὸν
864 3819 955 3911 ἡμεῖς
987 3828 1018 3894 οἱ
1050 3830 1111 3892 νῦν
1134 3828 1341 3911 Χριστιανοί.
1384 3829 1439 3891 καὶ
1462 3826 1507 3902 είς
1530 3824 1579 3891 ἔτι
1602 3827 1665 3890 νῦν
1683 3855 1732 3908 235

441 4045 458 4098 2
478 4043 525 4096 Jos
543 4044 584 4108 21,
603 4046 635 4098 35
704 4049 723 4099 9
743 4047 753 4098 Ι
772 4048 833 4100 Sam
853 4047 892 4111 22,
913 4050 945 4101 19
1020 4049 1056 4101 21
1077 4047 1123 4099 Jer
1142 4045 1183 4109 48,
1202 4048 1234 4098 34

440 4227 458 4281 1
479 4226 573 4300 Νεκὲβ
589 4229 661 4282 nach
678 4231 777 4284 HLXX
794 4231 877 4297 (doch
896 4231 951 4300 vgl.
970 4231 1029 4286 cod.
1048 4233 1092 4285 58:
1113 4225 1251 4298 Ἄννεκεμ)
1270 4227 1363 4297 Νεκὲμ
1384 4230 1408 4282 V
1467 4231 1480 4283 7
1502 4229 1665 4301 βαταναίων

356 4324 431 4383 ἐειλά
452 4329 475 4380 V
529 4331 546 4385 8
566 4328 666 4403 Νοββιί
685 4331 756 4384 nach
775 4331 799 4384 H
818 4331 922 4404 Νομβοί
943 4332 967 4384 V
1018 4330 1070 4402 Ιήν
1088 4331 1159 4384 nach
1178 4330 1202 4383 H
1222 4331 1451 4398 (υ,ε.ευ1].)ὴ1ί
1506 4331 1544 4386 19
1563 4328 1664 4400 Νεμρά

355 4431 426 4484 nach
444 4431 469 4484 H
488 4431 584 4504 Νεβρά
604 4431 631 4486 V
719 4434 755 4488 11
777 4432 902 4504 Ναμαρὰ
926 4433 995 4486 nach
1015 4433 1038 4486 Η
1058 4431 1152 4506 ιίβαρά
1173 4433 1196 4486 V
1286 4432 1332 4487 16.
1353 4433 1390 4488 18
1409 4432 1451 4501 τῇ]
1475 4432 1530 4500 vgl.
1549 4429 1575 4484 H
1593 4449 1619 4484 u.
1639 4431 1663 4484 S.

355 4535 397 4596 36,
416 4537 447 4587 11
536 4535 576 4588 29
595 4536 742 4607 Νεμηρείμ
761 4535 933 4600 HLXXABQ
952 4537 1095 4606 Νερήρείμ
1120 4533 1291 4602 vhxxffl‘ffi
1310 4533 1365 4600 vgl.
1385 4533 1455 4586 noch
1474 4533 1548 4586 Lxx
1568 4551 1600 4586 zu
1619 4533 1665 4586 Jer

358 4635 397 4690 23
418 4627 482 4689 Ἀπὸ
502 4666 532 4673 -
552 4632 733 4704 Εὐαγγελίιον
751 4636 908 4705 Martianay
