<?xml version="1.0" encoding="UTF-8"?>
<!DOCTYPE html PUBLIC "-//W3C//DTD XHTML 1.0 Transitional//EN"
    "http://www.w3.org/TR/xhtml1/DTD/xhtml1-transitional.dtd">
<html xmlns="http://www.w3.org/1999/xhtml" xml:lang="en" lang="en">
 <head>
  <title>
</title>
<meta http-equiv="Content-Type" content="text/html;charset=utf-8" />
  <meta name='ocr-system' content='tesseract 3.04.00' />
  <meta name='ocr-capabilities' content='ocr_page ocr_carea ocr_par ocr_line ocrx_word'/>
</head>
<body>
  <div class='ocr_page' id='page_1' title='image "./diegriechischen02religoog/diegriechischen02religoog_0159.png"; bbox 0 0 3780 5536; ppageno 0'>
   <div class='ocr_carea' id='block_1_1' title="bbox 813 511 1566 581">
    <p class='ocr_par' dir='ltr' id='par_1_1' title="bbox 813 511 1566 581">
     <span class='ocr_line' id='line_1_1' title="bbox 813 511 1566 581; baseline -0.004 -17"><span class='ocrx_word' id='word_1_1' title='bbox 813 511 1004 581; x_wconf 80' lang='lat' dir='ltr'>Hieronymus.</span> <span class='ocrx_word' id='word_1_2' title='bbox 1509 521 1566 580; x_wconf 76' lang='lat'>101</span> 
     </span>
    </p>
   </div>
   <div class='ocr_carea' id='block_1_2' title="bbox 156 677 1634 1145">
    <p class='ocr_par' dir='ltr' id='par_1_2' title="bbox 156 677 1569 945">
     <span class='ocr_line' id='line_1_2' title="bbox 156 677 1569 762; baseline 0.002 -22"><span class='ocrx_word' id='word_1_3' title='bbox 156 685 244 740; x_wconf 76' lang='grc' dir='ltr'>ΑΘΗ</span> <span class='ocrx_word' id='word_1_4' title='bbox 341 677 590 742; x_wconf 86' lang='lat' dir='ltr'>Thamnathsara</span> <span class='ocrx_word' id='word_1_5' title='bbox 612 679 723 743; x_wconf 86' lang='lat' dir='ltr'>eiuitas</span> <span class='ocrx_word' id='word_1_6' title='bbox 745 678 817 743; x_wconf 89' lang='lat' dir='ltr'>Iesu</span> <span class='ocrx_word' id='word_1_7' title='bbox 839 679 896 743; x_wconf 87' lang='lat' dir='ltr'>filii</span> <span class='ocrx_word' id='word_1_8' title='bbox 913 679 1003 744; x_wconf 88' lang='lat' dir='ltr'>Naue</span> <span class='ocrx_word' id='word_1_9' title='bbox 1026 680 1059 743; x_wconf 92' lang='lat' dir='ltr'>in</span> <span class='ocrx_word' id='word_1_10' title='bbox 1081 684 1187 744; x_wconf 91' lang='lat' dir='ltr'>monte</span> <span class='ocrx_word' id='word_1_11' title='bbox 1203 680 1270 757; x_wconf 89' lang='lat' dir='ltr'>sita,</span> <span class='ocrx_word' id='word_1_12' title='bbox 1293 682 1331 742; x_wconf 91' lang='lat' dir='ltr'>de</span> <span class='ocrx_word' id='word_1_13' title='bbox 1352 701 1414 762; x_wconf 87' lang='lat' dir='ltr'>qua</span> <span class='ocrx_word' id='word_1_14' title='bbox 1429 684 1461 744; x_wconf 91' lang='lat' dir='ltr'>et</span> <span class='ocrx_word' id='word_1_15' title='bbox 1475 703 1569 762; x_wconf 88' lang='lat' dir='ltr'>supra</span> 
     </span>
     <span class='ocr_line' id='line_1_3' title="bbox 258 776 1569 864; baseline -0.002 -20"><span class='ocrx_word' id='word_1_16' title='bbox 258 780 315 844; x_wconf 91' lang='lat' dir='ltr'>sub</span> <span class='ocrx_word' id='word_1_17' title='bbox 337 778 464 843; x_wconf 88' lang='lat' dir='ltr'>nomine</span> <span class='ocrx_word' id='word_1_18' title='bbox 478 776 639 844; x_wconf 88' lang='lat' dir='ltr'>Thamnae</span> <span class='ocrx_word' id='word_1_19' title='bbox 661 780 805 860; x_wconf 82' lang='lat' dir='ltr'>diximus,</span> <span class='ocrx_word' id='word_1_20' title='bbox 826 782 860 845; x_wconf 93' lang='lat' dir='ltr'>in</span> <span class='ocrx_word' id='word_1_21' title='bbox 883 803 946 864; x_wconf 92' lang='lat' dir='ltr'>qua</span> <span class='ocrx_word' id='word_1_22' title='bbox 966 801 1066 862; x_wconf 87' lang='lat' dir='ltr'>usque</span> <span class='ocrx_word' id='word_1_23' title='bbox 1087 779 1120 842; x_wconf 92' lang='lat' dir='ltr'>in</span> <span class='ocrx_word' id='word_1_24' title='bbox 1142 784 1338 862; x_wconf 76' lang='lat' dir='ltr'>praesentem</span> <span class='ocrx_word' id='word_1_25' title='bbox 1360 780 1443 843; x_wconf 91' lang='lat' dir='ltr'>diem</span> <span class='ocrx_word' id='word_1_26' title='bbox 1465 779 1569 862; x_wconf 90' lang='lat' dir='ltr'>sepul·</span> 
     </span>
     <span class='ocr_line' id='line_1_4' title="bbox 260 873 925 945; baseline -0.002 -2"><span class='ocrx_word' id='word_1_27' title='bbox 260 873 347 943; x_wconf 84' lang='lat' dir='ltr'>erum</span> <span class='ocrx_word' id='word_1_28' title='bbox 370 879 436 942; x_wconf 90' lang='lat' dir='ltr'>eius</span> <span class='ocrx_word' id='word_1_29' title='bbox 459 879 643 944; x_wconf 76' lang='lat' dir='ltr'><strong>ostenditur.</strong></span> <span class='ocrx_word' id='word_1_30' title='bbox 685 881 718 944; x_wconf 92' lang='lat' dir='ltr'>in</span> <span class='ocrx_word' id='word_1_31' title='bbox 738 881 825 945; x_wconf 89' lang='lat' dir='ltr'>tribu</span> <span class='ocrx_word' id='word_1_32' title='bbox 845 880 925 944; x_wconf 91' lang='lat' dir='ltr'>Dan.</span> 
     </span>
    </p>

    <p class='ocr_par' dir='ltr' id='par_1_3' title="bbox 226 977 1634 1145">
     <span class='ocr_line' id='line_1_5' title="bbox 341 977 1634 1064; baseline -0.001 -21"><span class='ocrx_word' id='word_1_33' title='bbox 341 977 349 1060; x_wconf 69' lang='lat' dir='ltr'>tt</span> <span class='ocrx_word' id='word_1_34' title='bbox 364 978 450 1042; x_wconf 89' lang='lat' dir='ltr'>Mare</span> <span class='ocrx_word' id='word_1_35' title='bbox 473 978 642 1043; x_wconf 86' lang='lat' dir='ltr'>salinarum</span> <span class='ocrx_word' id='word_1_36' title='bbox 665 982 750 1062; x_wconf 87' lang='lat' dir='ltr'>quod</span> <span class='ocrx_word' id='word_1_37' title='bbox 766 984 896 1044; x_wconf 88' lang='lat' dir='ltr'>voeatur</span> <span class='ocrx_word' id='word_1_38' title='bbox 908 983 1068 1064; x_wconf 86' lang='lat' dir='ltr'>mortuum</span> <span class='ocrx_word' id='word_1_39' title='bbox 1082 980 1147 1043; x_wconf 91' lang='lat' dir='ltr'>sive</span> <span class='ocrx_word' id='word_1_40' title='bbox 1162 978 1275 1058; x_wconf 86' lang='lat' dir='ltr'>asfalti,</span> <span class='ocrx_word' id='word_1_41' title='bbox 1296 983 1328 1043; x_wconf 76' lang='lat' dir='ltr'>td</span> <span class='ocrx_word' id='word_1_42' title='bbox 1346 989 1388 1043; x_wconf 85' lang='lat' dir='ltr'>est</span> <span class='ocrx_word' id='word_1_43' title='bbox 1401 983 1566 1057; x_wconf 70' lang='lat' dir='ltr'>bituminis,</span> <span class='ocrx_word' id='word_1_44' title='bbox 1586 987 1634 1042; x_wconf 83' lang='lat'>139</span> 
     </span>
     <span class='ocr_line' id='line_1_6' title="bbox 226 1076 696 1145; baseline -0.006 0"><span class='ocrx_word' id='word_1_45' title='bbox 226 1093 241 1145; x_wconf 82' lang='lat'>5</span> <span class='ocrx_word' id='word_1_46' title='bbox 259 1080 341 1144; x_wconf 92' lang='lat' dir='ltr'>inter</span> <span class='ocrx_word' id='word_1_47' title='bbox 361 1076 482 1142; x_wconf 78' lang='lat' dir='ltr'>Iericho</span> <span class='ocrx_word' id='word_1_48' title='bbox 505 1084 537 1143; x_wconf 89' lang='lat' dir='ltr'>et</span> <span class='ocrx_word' id='word_1_49' title='bbox 558 1077 696 1143; x_wconf 88' lang='lat' dir='ltr'>Zoaram.</span> 
     </span>
    </p>
   </div>
   <div class='ocr_carea' id='block_1_3' title="bbox 259 1297 1703 1410">
    <p class='ocr_par' dir='ltr' id='par_1_4' title="bbox 259 1297 1703 1410">
     <span class='ocr_line' id='line_1_7' title="bbox 259 1297 1703 1410; baseline -0.011 -11"><span class='ocrx_word' id='word_1_50' title='bbox 259 1329 268 1410; x_wconf 54' lang='grc' dir='ltr'>’ᾗ</span> <span class='ocrx_word' id='word_1_51' title='bbox 749 1329 797 1394; x_wconf 91' lang='lat' dir='ltr'>De</span> <span class='ocrx_word' id='word_1_52' title='bbox 818 1329 900 1394; x_wconf 90' lang='lat' dir='ltr'>libro</span> <span class='ocrx_word' id='word_1_53' title='bbox 923 1328 1074 1395; x_wconf 82' lang='lat' dir='ltr'>lodicum.</span> <span class='ocrx_word' id='word_1_54' title='bbox 1584 1344 1632 1398; x_wconf 78' lang='lat'>157</span> <span class='ocrx_word' id='word_1_55' title='bbox 1700 1297 1703 1306; x_wconf 40' lang='lat'>⁵</span> 
     </span>
    </p>
   </div>
   <div class='ocr_carea' id='block_1_4' title="bbox 213 1477 1573 2162">
    <p class='ocr_par' dir='ltr' id='par_1_5' title="bbox 260 1477 1571 1762">
     <span class='ocr_line' id='line_1_8' title="bbox 343 1477 1567 1565; baseline -0.003 -22"><span class='ocrx_word' id='word_1_56' title='bbox 343 1477 510 1543; x_wconf 85' lang='lat' dir='ltr'>Thaenaeh</span> <span class='ocrx_word' id='word_1_57' title='bbox 533 1479 644 1544; x_wconf 78' lang='lat' dir='ltr'>ciuitas</span> <span class='ocrx_word' id='word_1_58' title='bbox 666 1481 755 1544; x_wconf 84' lang='lat' dir='ltr'>iuxta</span> <span class='ocrx_word' id='word_1_59' title='bbox 777 1503 872 1565; x_wconf 92' lang='lat' dir='ltr'>quam</span> <span class='ocrx_word' id='word_1_60' title='bbox 894 1480 1036 1546; x_wconf 86' lang='lat' dir='ltr'>Deborre</span> <span class='ocrx_word' id='word_1_61' title='bbox 1058 1484 1207 1547; x_wconf 88' lang='lat' dir='ltr'>aduersus</span> <span class='ocrx_word' id='word_1_62' title='bbox 1230 1479 1367 1544; x_wconf 88' lang='lat' dir='ltr'>Sisaram</span> <span class='ocrx_word' id='word_1_63' title='bbox 1397 1477 1567 1554; x_wconf 78' lang='lat' dir='ltr'>dimicabit,</span> 
     </span>
     <span class='ocr_line' id='line_1_9' title="bbox 260 1575 1570 1666; baseline -0.003 -24"><span class='ocrx_word' id='word_1_64' title='bbox 260 1579 293 1642; x_wconf 93' lang='lat' dir='ltr'>in</span> <span class='ocrx_word' id='word_1_65' title='bbox 323 1579 408 1642; x_wconf 87' lang='lat' dir='ltr'>tribu</span> <span class='ocrx_word' id='word_1_66' title='bbox 429 1579 586 1658; x_wconf 88' lang='lat' dir='ltr'>Manasse‚</span> <span class='ocrx_word' id='word_1_67' title='bbox 618 1585 761 1662; x_wconf 85' lang='lat' dir='ltr'>separata</span> <span class='ocrx_word' id='word_1_68' title='bbox 782 1580 913 1660; x_wconf 72' lang='lat' dir='ltr'>haustis,</span> <span class='ocrx_word' id='word_1_69' title='bbox 944 1604 1038 1666; x_wconf 89' lang='lat' dir='ltr'>quam</span> <span class='ocrx_word' id='word_1_70' title='bbox 1061 1585 1166 1646; x_wconf 89' lang='lat' dir='ltr'>tenere</span> <span class='ocrx_word' id='word_1_71' title='bbox 1191 1602 1254 1644; x_wconf 89' lang='lat' dir='ltr'>non</span> <span class='ocrx_word' id='word_1_72' title='bbox 1281 1578 1399 1662; x_wconf 89' lang='lat' dir='ltr'>potuit,</span> <span class='ocrx_word' id='word_1_73' title='bbox 1429 1575 1570 1659; x_wconf 78' lang='lat' dir='ltr'>pristinis</span> 
     </span>
     <span class='ocr_line' id='line_1_10' title="bbox 262 1675 1571 1762; baseline -0.004 -20"><span class='ocrx_word' id='word_1_74' title='bbox 262 1677 437 1742; x_wconf 82' lang='lat' dir='ltr'>cultoribus</span> <span class='ocrx_word' id='word_1_75' title='bbox 458 1699 658 1762; x_wconf 87' lang='lat' dir='ltr'>nequaquam</span> <span class='ocrx_word' id='word_1_76' title='bbox 680 1679 796 1747; x_wconf 87' lang='lat' dir='ltr'>eieetis.</span> <span class='ocrx_word' id='word_1_77' title='bbox 839 1685 886 1745; x_wconf 90' lang='lat' dir='ltr'>est</span> <span class='ocrx_word' id='word_1_78' title='bbox 908 1688 1012 1746; x_wconf 89' lang='lat' dir='ltr'>autem</span> <span class='ocrx_word' id='word_1_79' title='bbox 1034 1705 1118 1745; x_wconf 87' lang='lat' dir='ltr'>nune</span> <span class='ocrx_word' id='word_1_80' title='bbox 1139 1680 1217 1746; x_wconf 86' lang='lat' dir='ltr'>uilla</span> <span class='ocrx_word' id='word_1_81' title='bbox 1238 1676 1430 1762; x_wconf 88' lang='lat' dir='ltr'>pergrandis,</span> <span class='ocrx_word' id='word_1_82' title='bbox 1453 1675 1571 1739; x_wconf 87' lang='lat' dir='ltr'>distans</span> 
     </span>
    </p>

    <p class='ocr_par' dir='ltr' id='par_1_6' title="bbox 213 1760 723 1860">
     <span class='ocr_line' id='line_1_11' title="bbox 213 1760 723 1860; baseline 0 -22"><span class='ocrx_word' id='word_1_83' title='bbox 213 1760 282 1842; x_wconf 70' lang='lat' dir='ltr'>10&#39;a</span> <span class='ocrx_word' id='word_1_84' title='bbox 304 1777 442 1860; x_wconf 64' lang='lat' dir='ltr'>[regione</span> <span class='ocrx_word' id='word_1_85' title='bbox 463 1777 592 1843; x_wconf 91' lang='lat' dir='ltr'>milibus</span> <span class='ocrx_word' id='word_1_86' title='bbox 614 1779 723 1844; x_wconf 88' lang='lat' dir='ltr'>tribus.</span> 
     </span>
    </p>

    <p class='ocr_par' dir='ltr' id='par_1_7' title="bbox 262 1874 1573 2162">
     <span class='ocr_line' id='line_1_12' title="bbox 346 1874 1573 1963; baseline -0.003 -22"><span class='ocrx_word' id='word_1_87' title='bbox 346 1875 470 1941; x_wconf 80' lang='lat' dir='ltr'>Thebes</span> <span class='ocrx_word' id='word_1_88' title='bbox 501 1880 576 1942; x_wconf 89' lang='lat' dir='ltr'>urbs</span> <span class='ocrx_word' id='word_1_89' title='bbox 608 1900 703 1962; x_wconf 89' lang='lat' dir='ltr'>quam</span> <span class='ocrx_word' id='word_1_90' title='bbox 734 1900 805 1944; x_wconf 91' lang='lat' dir='ltr'>oum</span> <span class='ocrx_word' id='word_1_91' title='bbox 836 1885 1033 1963; x_wconf 76' lang='lat' dir='ltr'>oppugnaret</span> <span class='ocrx_word' id='word_1_92' title='bbox 1061 1879 1253 1957; x_wconf 79' lang='lat' dir='ltr'>Abimeleeh</span> <span class='ocrx_word' id='word_1_93' title='bbox 1285 1877 1439 1959; x_wconf 84' lang='lat' dir='ltr'>fragmine</span> <span class='ocrx_word' id='word_1_94' title='bbox 1470 1874 1573 1938; x_wconf 84' lang='lat' dir='ltr'>molae</span> 
     </span>
     <span class='ocr_line' id='line_1_13' title="bbox 262 1974 1572 2062; baseline -0.002 -23"><span class='ocrx_word' id='word_1_95' title='bbox 262 1977 345 2041; x_wconf 85' lang='lat' dir='ltr'>ictus</span> <span class='ocrx_word' id='word_1_96' title='bbox 375 1977 503 2041; x_wconf 90' lang='lat' dir='ltr'>interiit.</span> <span class='ocrx_word' id='word_1_97' title='bbox 547 1983 594 2042; x_wconf 90' lang='lat' dir='ltr'>est</span> <span class='ocrx_word' id='word_1_98' title='bbox 624 1982 729 2044; x_wconf 88' lang='lat' dir='ltr'>autem</span> <span class='ocrx_word' id='word_1_99' title='bbox 758 2001 858 2062; x_wconf 91' lang='lat' dir='ltr'>usque</span> <span class='ocrx_word' id='word_1_100' title='bbox 880 1979 973 2043; x_wconf 91' lang='lat' dir='ltr'>hodie</span> <span class='ocrx_word' id='word_1_101' title='bbox 1000 1979 1089 2044; x_wconf 84' lang='lat' dir='ltr'>uieus</span> <span class='ocrx_word' id='word_1_102' title='bbox 1110 1979 1237 2043; x_wconf 89' lang='lat' dir='ltr'>nomine</span> <span class='ocrx_word' id='word_1_103' title='bbox 1259 1976 1381 2041; x_wconf 85' lang='lat' dir='ltr'>Thebes</span> <span class='ocrx_word' id='word_1_104' title='bbox 1402 1975 1436 2039; x_wconf 93' lang='lat' dir='ltr'>in</span> <span class='ocrx_word' id='word_1_105' title='bbox 1457 1974 1572 2038; x_wconf 90' lang='lat' dir='ltr'>finibus</span> 
     </span>
     <span class='ocr_line' id='line_1_14' title="bbox 263 2073 1573 2162; baseline -0.003 -22"><span class='ocrx_word' id='word_1_106' title='bbox 263 2075 458 2158; x_wconf 89' lang='lat' dir='ltr'>Neaspoleos</span> <span class='ocrx_word' id='word_1_107' title='bbox 479 2078 684 2161; x_wconf 78' lang='lat' dir='ltr'>pergentibus</span> <span class='ocrx_word' id='word_1_108' title='bbox 707 2078 925 2162; x_wconf 81' lang='lat' dir='ltr'>Scythopolim</span> <span class='ocrx_word' id='word_1_109' title='bbox 947 2079 1038 2162; x_wconf 88' lang='lat' dir='ltr'>quasi</span> <span class='ocrx_word' id='word_1_110' title='bbox 1059 2078 1092 2142; x_wconf 94' lang='lat' dir='ltr'>in</span> <span class='ocrx_word' id='word_1_111' title='bbox 1113 2078 1206 2143; x_wconf 90' lang='lat' dir='ltr'>tertio</span> <span class='ocrx_word' id='word_1_112' title='bbox 1229 2077 1350 2141; x_wconf 90' lang='lat' dir='ltr'>deoimo</span> <span class='ocrx_word' id='word_1_113' title='bbox 1374 2077 1440 2140; x_wconf 89' lang='lat' dir='ltr'>eius</span> <span class='ocrx_word' id='word_1_114' title='bbox 1461 2073 1573 2156; x_wconf 90' lang='lat' dir='ltr'>lapide.</span> 
     </span>
    </p>
   </div>
   <div class='ocr_carea' id='block_1_5' title="bbox 349 2275 1406 2360">
    <p class='ocr_par' dir='ltr' id='par_1_8' title="bbox 349 2275 1406 2360">
     <span class='ocr_line' id='line_1_15' title="bbox 349 2275 1406 2360; baseline -0.003 -19"><span class='ocrx_word' id='word_1_115' title='bbox 349 2276 555 2342; x_wconf 88' lang='lat' dir='ltr'>Thamnatha.</span> <span class='ocrx_word' id='word_1_116' title='bbox 598 2279 761 2360; x_wconf 90' lang='lat' dir='ltr'>posuimus</span> <span class='ocrx_word' id='word_1_117' title='bbox 784 2282 815 2342; x_wconf 90' lang='lat' dir='ltr'>et</span> <span class='ocrx_word' id='word_1_118' title='bbox 836 2300 931 2360; x_wconf 88' lang='lat' dir='ltr'>supra</span> <span class='ocrx_word' id='word_1_119' title='bbox 946 2276 1096 2341; x_wconf 87' lang='lat' dir='ltr'>Thamna.</span> <span class='ocrx_word' id='word_1_120' title='bbox 1139 2277 1173 2340; x_wconf 93' lang='lat' dir='ltr'>in</span> <span class='ocrx_word' id='word_1_121' title='bbox 1195 2277 1280 2341; x_wconf 89' lang='lat' dir='ltr'>tribu</span> <span class='ocrx_word' id='word_1_122' title='bbox 1301 2275 1406 2340; x_wconf 90' lang='lat' dir='ltr'>Iudae.</span> 
     </span>
    </p>
   </div>
   <div class='ocr_carea' id='block_1_6' title="bbox 216 2527 1108 2611">
    <p class='ocr_par' dir='ltr' id='par_1_9' title="bbox 216 2527 1108 2611">
     <span class='ocr_line' id='line_1_16' title="bbox 216 2527 1108 2611; baseline -0.009 -16"><span class='ocrx_word' id='word_1_123' title='bbox 216 2543 249 2595; x_wconf 83' lang='lat'>15</span> <span class='ocrx_word' id='word_1_124' title='bbox 738 2527 787 2591; x_wconf 93' lang='lat' dir='ltr'>De</span> <span class='ocrx_word' id='word_1_125' title='bbox 809 2527 990 2611; x_wconf 81' lang='lat' dir='ltr'>Regnorum</span> <span class='ocrx_word' id='word_1_126' title='bbox 1011 2527 1108 2591; x_wconf 89' lang='lat' dir='ltr'>libris.</span> 
     </span>
    </p>
   </div>
   <div class='ocr_carea' id='block_1_7' title="bbox 218 2673 1580 3557">
    <p class='ocr_par' dir='ltr' id='par_1_10' title="bbox 266 2673 1575 2860">
     <span class='ocr_line' id='line_1_17' title="bbox 350 2673 1575 2762; baseline -0.004 -22"><span class='ocrx_word' id='word_1_127' title='bbox 350 2675 544 2760; x_wconf 87' lang='lat' dir='ltr'>Thelamuge</span> <span class='ocrx_word' id='word_1_128' title='bbox 565 2676 653 2742; x_wconf 89' lang='lat' dir='ltr'>loeus</span> <span class='ocrx_word' id='word_1_129' title='bbox 677 2700 740 2762; x_wconf 90' lang='lat' dir='ltr'>quo</span> <span class='ocrx_word' id='word_1_130' title='bbox 760 2679 909 2742; x_wconf 83' lang='lat' dir='ltr'>Abenner</span> <span class='ocrx_word' id='word_1_131' title='bbox 929 2677 1016 2742; x_wconf 90' lang='lat' dir='ltr'>misit</span> <span class='ocrx_word' id='word_1_132' title='bbox 1037 2679 1076 2739; x_wconf 90' lang='lat' dir='ltr'>ad</span> <span class='ocrx_word' id='word_1_133' title='bbox 1090 2676 1203 2740; x_wconf 89' lang='lat' dir='ltr'>Dauid.</span> <span class='ocrx_word' id='word_1_134' title='bbox 1234 2677 1289 2740; x_wconf 85' lang='lat' dir='ltr'>aed</span> <span class='ocrx_word' id='word_1_135' title='bbox 1307 2673 1468 2739; x_wconf 82' lang='lat' dir='ltr'>sciendum</span> <span class='ocrx_word' id='word_1_136' title='bbox 1490 2675 1575 2757; x_wconf 89' lang='lat' dir='ltr'>quod</span> 
     </span>
     <span class='ocr_line' id='line_1_18' title="bbox 266 2774 1575 2860; baseline -0.003 -21"><span class='ocrx_word' id='word_1_137' title='bbox 266 2798 323 2858; x_wconf 91' lang='lat' dir='ltr'>pro</span> <span class='ocrx_word' id='word_1_138' title='bbox 339 2777 399 2840; x_wconf 84' lang='lat' dir='ltr'>hoe</span> <span class='ocrx_word' id='word_1_139' title='bbox 413 2777 510 2840; x_wconf 91' lang='lat' dir='ltr'>uerbo</span> <span class='ocrx_word' id='word_1_140' title='bbox 525 2776 645 2860; x_wconf 86' lang='lat' dir='ltr'>Aquila</span> <span class='ocrx_word' id='word_1_141' title='bbox 661 2778 885 2860; x_wconf 89' lang='lat' dir='ltr'>interpretatur</span> <span class='ocrx_word' id='word_1_142' title='bbox 900 2776 1067 2859; x_wconf 67' lang='lat' dir='ltr'>extemplo</span> <span class='ocrx_word' id='word_1_143' title='bbox 1089 2774 1296 2858; x_wconf 78' lang='lat' dir='ltr'>Symmachus</span> <span class='ocrx_word' id='word_1_144' title='bbox 1311 2797 1368 2856; x_wconf 91' lang='lat' dir='ltr'>pro</span> <span class='ocrx_word' id='word_1_145' title='bbox 1384 2774 1575 2856; x_wconf 90' lang='lat' dir='ltr'>semetipso.</span> 
     </span>
    </p>

    <p class='ocr_par' dir='ltr' id='par_1_11' title="bbox 350 2874 719 2940">
     <span class='ocr_line' id='line_1_19' title="bbox 350 2874 719 2940; baseline 0 0"><span class='ocrx_word' id='word_1_146' title='bbox 350 2874 460 2940; x_wconf 88' lang='lat' dir='ltr'>Thaad</span> <span class='ocrx_word' id='word_1_147' title='bbox 481 2876 569 2939; x_wconf 87' lang='lat' dir='ltr'>iuxta</span> <span class='ocrx_word' id='word_1_148' title='bbox 593 2875 719 2940; x_wconf 86' lang='lat' dir='ltr'>Galaad.</span> 
     </span>
    </p>

    <p class='ocr_par' dir='ltr' id='par_1_12' title="bbox 353 2974 982 3058">
     <span class='ocr_line' id='line_1_20' title="bbox 353 2974 982 3058; baseline -0.002 -19"><span class='ocrx_word' id='word_1_149' title='bbox 353 2974 490 3040; x_wconf 88' lang='lat' dir='ltr'>Thamsa</span> <span class='ocrx_word' id='word_1_150' title='bbox 511 2976 662 3040; x_wconf 88' lang='lat' dir='ltr'>terminus</span> <span class='ocrx_word' id='word_1_151' title='bbox 684 2976 773 3058; x_wconf 87' lang='lat' dir='ltr'>regni</span> <span class='ocrx_word' id='word_1_152' title='bbox 796 2974 982 3039; x_wconf 88' lang='lat' dir='ltr'>Salomonis.</span> 
     </span>
    </p>

    <p class='ocr_par' dir='ltr' id='par_1_13' title="bbox 218 3072 1578 3158">
     <span class='ocr_line' id='line_1_21' title="bbox 218 3072 1578 3158; baseline -0.004 -20"><span class='ocrx_word' id='word_1_153' title='bbox 218 3101 252 3155; x_wconf 70' lang='grc' dir='ltr'>ρο</span> <span class='ocrx_word' id='word_1_154' title='bbox 353 3072 524 3139; x_wconf 90' lang='lat' dir='ltr'>Thermoth</span> <span class='ocrx_word' id='word_1_155' title='bbox 546 3075 659 3139; x_wconf 88' lang='lat' dir='ltr'>eiuitas</span> <span class='ocrx_word' id='word_1_156' title='bbox 675 3097 770 3158; x_wconf 87' lang='lat' dir='ltr'>quam</span> <span class='ocrx_word' id='word_1_157' title='bbox 785 3074 964 3139; x_wconf 87' lang='lat' dir='ltr'>aedifieauit</span> <span class='ocrx_word' id='word_1_158' title='bbox 978 3073 1127 3139; x_wconf 83' lang='lat' dir='ltr'>Salomon</span> <span class='ocrx_word' id='word_1_159' title='bbox 1141 3075 1175 3137; x_wconf 91' lang='lat' dir='ltr'>in</span> <span class='ocrx_word' id='word_1_160' title='bbox 1190 3077 1320 3150; x_wconf 87' lang='lat' dir='ltr'>deserto,</span> <span class='ocrx_word' id='word_1_161' title='bbox 1342 3077 1430 3135; x_wconf 79' lang='lat' dir='ltr'>euius</span> <span class='ocrx_word' id='word_1_162' title='bbox 1444 3076 1479 3134; x_wconf 76' lang='lat' dir='ltr'>in</span> <span class='ocrx_word' id='word_1_163' title='bbox 1494 3073 1578 3133; x_wconf 80' lang='lat' dir='ltr'>libris</span> 
     </span>
    </p>

    <p class='ocr_par' dir='ltr' id='par_1_14' title="bbox 269 3178 1066 3256">
     <span class='ocr_line' id='line_1_22' title="bbox 269 3178 1066 3256; baseline 0.001 -19"><span class='ocrx_word' id='word_1_164' title='bbox 269 3178 482 3238; x_wconf 61' lang='lat' dir='ltr'>Hebraeorum</span> <span class='ocrx_word' id='word_1_165' title='bbox 503 3179 712 3256; x_wconf 80' lang='lat' dir='ltr'>quaestionum</span> <span class='ocrx_word' id='word_1_166' title='bbox 733 3179 859 3256; x_wconf 76' lang='lat' dir='ltr'>ferimus</span> <span class='ocrx_word' id='word_1_167' title='bbox 880 3178 1066 3238; x_wconf 75' lang='lat' dir='ltr'>mentionem.</span> 
     </span>
    </p>

    <p class='ocr_par' dir='ltr' id='par_1_15' title="bbox 270 3267 1580 3557">
     <span class='ocr_line' id='line_1_23' title="bbox 353 3267 1578 3362; baseline -0.007 -24"><span class='ocrx_word' id='word_1_168' title='bbox 353 3273 492 3352; x_wconf 82' lang='lat' dir='ltr'>Tharais,</span> <span class='ocrx_word' id='word_1_169' title='bbox 524 3277 607 3338; x_wconf 89' lang='lat' dir='ltr'>unde</span> <span class='ocrx_word' id='word_1_170' title='bbox 638 3297 749 3338; x_wconf 89' lang='lat' dir='ltr'>aurum</span> <span class='ocrx_word' id='word_1_171' title='bbox 780 3273 941 3338; x_wconf 87' lang='lat' dir='ltr'>Salomoni</span> <span class='ocrx_word' id='word_1_172' title='bbox 958 3273 1177 3362; x_wconf 74' lang='lat' dir='ltr'>deferebatur.</span> <span class='ocrx_word' id='word_1_173' title='bbox 1224 3273 1305 3336; x_wconf 88' lang='lat' dir='ltr'>hane</span> <span class='ocrx_word' id='word_1_174' title='bbox 1335 3275 1426 3354; x_wconf 83' lang='lat' dir='ltr'>putat</span> <span class='ocrx_word' id='word_1_175' title='bbox 1455 3267 1578 3334; x_wconf 88' lang='lat' dir='ltr'>Iosefus</span> 
     </span>
     <span class='ocr_line' id='line_1_24' title="bbox 270 3368 1578 3457; baseline -0.005 -21"><span class='ocrx_word' id='word_1_176' title='bbox 270 3371 403 3438; x_wconf 88' lang='lat' dir='ltr'>Tarsum</span> <span class='ocrx_word' id='word_1_177' title='bbox 434 3373 544 3438; x_wconf 89' lang='lat' dir='ltr'>urbem</span> <span class='ocrx_word' id='word_1_178' title='bbox 575 3396 642 3438; x_wconf 89' lang='lat' dir='ltr'>esse</span> <span class='ocrx_word' id='word_1_179' title='bbox 665 3373 801 3439; x_wconf 84' lang='lat' dir='ltr'>Ciliciae.</span> <span class='ocrx_word' id='word_1_180' title='bbox 844 3396 938 3457; x_wconf 88' lang='lat' dir='ltr'>porro</span> <span class='ocrx_word' id='word_1_181' title='bbox 961 3373 1048 3436; x_wconf 83' lang='lat' dir='ltr'>iuxta</span> <span class='ocrx_word' id='word_1_182' title='bbox 1069 3369 1221 3437; x_wconf 85' lang='lat' dir='ltr'>Iezeehiel</span> <span class='ocrx_word' id='word_1_183' title='bbox 1243 3370 1398 3453; x_wconf 89' lang='lat' dir='ltr'>profetam</span> <span class='ocrx_word' id='word_1_184' title='bbox 1421 3368 1578 3451; x_wconf 87' lang='lat' dir='ltr'>Carthago</span> 
     </span>
     <span class='ocr_line' id='line_1_25' title="bbox 270 3467 1580 3557; baseline -0.006 -21"><span class='ocrx_word' id='word_1_185' title='bbox 270 3474 412 3548; x_wconf 85' lang='lat' dir='ltr'>sentitur,</span> <span class='ocrx_word' id='word_1_186' title='bbox 446 3473 603 3556; x_wconf 90' lang='lat' dir='ltr'>siquidem</span> <span class='ocrx_word' id='word_1_187' title='bbox 624 3474 656 3536; x_wconf 93' lang='lat' dir='ltr'>in</span> <span class='ocrx_word' id='word_1_188' title='bbox 680 3497 716 3537; x_wconf 92' lang='lat' dir='ltr'>eo</span> <span class='ocrx_word' id='word_1_189' title='bbox 738 3473 808 3540; x_wconf 88' lang='lat' dir='ltr'>loeo</span> <span class='ocrx_word' id='word_1_190' title='bbox 832 3475 886 3539; x_wconf 90' lang='lat' dir='ltr'>ubi</span> <span class='ocrx_word' id='word_1_191' title='bbox 909 3477 992 3556; x_wconf 90' lang='lat' dir='ltr'>apud</span> <span class='ocrx_word' id='word_1_192' title='bbox 1008 3471 1215 3557; x_wconf 81' lang='lat' dir='ltr'>Septuaginta</span> <span class='ocrx_word' id='word_1_193' title='bbox 1236 3471 1422 3552; x_wconf 86' lang='lat' dir='ltr'>interpretes</span> <span class='ocrx_word' id='word_1_194' title='bbox 1445 3467 1580 3550; x_wconf 86' lang='lat' dir='ltr'>legimus</span> 
     </span>
    </p>
   </div>
   <div class='ocr_carea' id='block_1_8' title="bbox 272 4381 1582 4559">
    <p class='ocr_par' dir='ltr' id='par_1_16' title="bbox 272 4381 1582 4559">
     <span class='ocr_line' id='line_1_26' title="bbox 358 4381 1582 4458; baseline -0.008 -14"><span class='ocrx_word' id='word_1_195' title='bbox 358 4389 411 4444; x_wconf 70' lang='lat'>41.</span> <span class='ocrx_word' id='word_1_196' title='bbox 430 4389 486 4458; x_wconf 81' lang='lat' dir='ltr'>vgl.</span> <span class='ocrx_word' id='word_1_197' title='bbox 505 4388 578 4443; x_wconf 86' lang='lat' dir='ltr'>Hier.</span> <span class='ocrx_word' id='word_1_198' title='bbox 597 4404 694 4440; x_wconf 85' lang='lat' dir='ltr'>comm.</span> <span class='ocrx_word' id='word_1_199' title='bbox 713 4386 741 4439; x_wconf 89' lang='lat' dir='ltr'>in</span> <span class='ocrx_word' id='word_1_200' title='bbox 753 4387 799 4441; x_wconf 84' lang='lat' dir='ltr'>Ea.</span> <span class='ocrx_word' id='word_1_201' title='bbox 811 4388 852 4452; x_wconf 76' lang='lat'>47,</span> <span class='ocrx_word' id='word_1_202' title='bbox 869 4387 929 4441; x_wconf 70' lang='lat' dir='ltr'>out:</span> <span class='ocrx_word' id='word_1_203' title='bbox 946 4403 1023 4440; x_wconf 86' lang='lat' dir='ltr'>mare</span> <span class='ocrx_word' id='word_1_204' title='bbox 1042 4384 1250 4450; x_wconf 85' lang='lat' dir='ltr'>amarissimum,</span> <span class='ocrx_word' id='word_1_205' title='bbox 1270 4383 1342 4452; x_wconf 85' lang='lat' dir='ltr'>quod</span> <span class='ocrx_word' id='word_1_206' title='bbox 1363 4382 1464 4436; x_wconf 84' lang='lat' dir='ltr'>Graece</span> <span class='ocrx_word' id='word_1_207' title='bbox 1480 4381 1582 4449; x_wconf 80' lang='grc' dir='ltr'><em>λίμνην</em></span> 
     </span>
     <span class='ocr_line' id='line_1_27' title="bbox 272 4485 988 4559; baseline -0.006 -15"><span class='ocrx_word' id='word_1_208' title='bbox 272 4487 446 4559; x_wconf 59' lang='lat' dir='ltr'>doaetrina</span> <span class='ocrx_word' id='word_1_209' title='bbox 464 4489 494 4544; x_wconf 80' lang='lat' dir='ltr'>iu</span> <span class='ocrx_word' id='word_1_210' title='bbox 512 4492 554 4544; x_wconf 90' lang='lat' dir='ltr'>est</span> <span class='ocrx_word' id='word_1_211' title='bbox 571 4491 699 4558; x_wconf 87' lang='lat' dir='ltr'>stagnum</span> <span class='ocrx_word' id='word_1_212' title='bbox 717 4485 868 4546; x_wconf 82' lang='lat' dir='ltr'>bituminis.</span> <span class='ocrx_word' id='word_1_213' title='bbox 886 4485 988 4542; x_wconf 81' lang='lat' dir='ltr'>uocant</span> 
     </span>
    </p>
   </div>
   <div class='ocr_carea' id='block_1_9' title="bbox 360 4673 1035 4743">
    <p class='ocr_par' dir='ltr' id='par_1_17' title="bbox 360 4673 1035 4743">
     <span class='ocr_line' id='line_1_28' title="bbox 360 4673 1035 4743; baseline -0.004 -14"><span class='ocrx_word' id='word_1_214' title='bbox 360 4676 374 4729; x_wconf 82' lang='grc'><strong>7</strong></span> <span class='ocrx_word' id='word_1_215' title='bbox 395 4675 505 4728; x_wconf 83' lang='lat' dir='ltr'>Debere</span> <span class='ocrx_word' id='word_1_216' title='bbox 522 4673 625 4742; x_wconf 75' lang='lat' dir='ltr'>uefflt</span> <span class='ocrx_word' id='word_1_217' title='bbox 697 4674 734 4728; x_wconf 82' lang='lat'>14</span> <span class='ocrx_word' id='word_1_218' title='bbox 754 4691 835 4743; x_wconf 87' lang='lat' dir='ltr'>supra</span> <span class='ocrx_word' id='word_1_219' title='bbox 852 4673 984 4726; x_wconf 81' lang='lat' dir='ltr'>Tamnam</span> <span class='ocrx_word' id='word_1_220' title='bbox 1004 4673 1035 4726; x_wconf 88' lang='lat' dir='ltr'><em>H</em></span> 
     </span>
    </p>
   </div>
   <div class='ocr_carea' id='block_1_10' title="bbox 0 0 1910 5536">
    <p class='ocr_par' dir='ltr' id='par_1_18' title="bbox 0 0 1910 5536">
     <span class='ocr_line' id='line_1_29' title="bbox 0 0 1910 5536; baseline 0 0"><span class='ocrx_word' id='word_1_221' title='bbox 0 0 1910 5536; x_wconf 95' lang='lat' dir='ltr'> </span> 
     </span>
    </p>
   </div>
  </div>
 </body>
</html>
