3780 5536
805 484 994 553 Hieronymus.
1500 487 1558 548 103

154 655 238 712 AOH
252 648 482 733 Carthaginem,
504 650 538 714 in
559 649 703 716 Hebraeo
725 653 877 735 seriptum
898 652 994 715 habet
1015 648 1151 714 Tharsis.
1194 648 1337 714 nonnulli
1358 647 1480 713 Indiam
1502 670 1559 730 pu·

249 753 404 814 tauerunt.
447 760 472 814 et
503 766 513 832 ,l
535 757 568 814 da
591 754 644 816 hoo
663 762 725 816 lam
745 758 780 816 a'ra
801 758 874 816 libro
896 757 1092 833 epistolarum
1122 775 1197 832 qaas
1218 755 1256 812 od
1276 753 1444 813 Marcellam
1465 753 1558 829 sarip-
1577 751 1608 804 15

248 855 355 929 silures,
377 874 469 932 paam
490 857 524 914 io
545 856 629 914 libris
651 857 864 916 Hebror'oarum
885 856 1095 934 quaestionum
1112 855 1233 930 planias
1255 855 1365 913 dietam
1386 860 1435 914 est.

332 948 453 1014 Tharsa
474 950 530 1014 ubi
551 951 617 1014 Asa
639 973 693 1016 rex
715 951 812 1016 lsrael
834 953 903 1016 fuit.

214 1063 230 1116 5
331 1049 474 1114 Tharsila
503 1052 586 1114 unde
617 1051 679 1114 fuit
699 1051 853 1116 Manaem.
895 1073 995 1135 usque
1017 1050 1110 1113 hodie
1132 1054 1181 1113 est
1201 1048 1324 1113 uieulus
1348 1047 1558 1113 Samaritano·

248 1170 317 1211 rum
339 1149 371 1212 in
395 1149 522 1232 regione
544 1150 704 1214 Batanaea
726 1151 782 1235 qui
803 1149 947 1214 Tharsila
969 1151 1092 1214 dieitur.

330 1246 455 1312 Thesbe
477 1251 559 1312 unde
582 1254 668 1314 ortus
691 1256 739 1315 est
759 1251 847 1315 Elias
868 1251 992 1334 profeta
1007 1249 1179 1315 Thesbites.

330 1345 472 1412 Theman
493 1350 581 1413 iuxta
603 1348 757 1415 hezechiel
779 1351 892 1415 oiuitas
914 1349 1091 1415 Idumaeae.
1134 1371 1227 1432 porro
1249 1347 1359 1412 Esaias
1381 1349 1414 1412 in
1434 1347 1557 1413 uisione

247 1469 316 1511 eam
337 1447 428 1529 ponii
449 1448 593 1512 Arabiae.
636 1451 779 1515 meminit
808 1452 901 1515 huius
928 1456 959 1516 et
980 1449 1136 1515 Ieremias.
1178 1449 1298 1513 Abdies
1320 1451 1425 1512 autem
1448 1447 1558 1511 sorihit

196 1557 230 1612 10
248 1546 409 1611 ciuitatem
430 1547 524 1612 Esau.
567 1553 622 1613 sed
645 1555 675 1613 et
698 1573 777 1615 unus
800 1550 937 1614 filiorum
960 1549 1027 1615 eius
1049 1548 1192 1613 Theman
1215 1547 1444 1630 appellabatur,
1475 1547 1556 1611 sieut

248 1669 343 1728 supra
358 1648 503 1712 diximus.

329 1744 486 1811 Tharthae
509 1771 604 1832 quam
626 1751 659 1814 in
681 1754 764 1813 terra
782 1748 916 1814 Iudaeae
938 1749 1038 1814 Euaei
1060 1749 1236 1813 condidere.

329 1843 480 1910 Thalasar
501 1849 588 1930 regio
611 1849 728 1931 Syriae.

329 1943 509 2030 Thogarma
530 1947 664 2032 legimus
686 1949 720 2014 in
741 1948 920 2014 Iezeohiele.

196 2058 227 2110 15
329 2043 472 2110 Thafeth.
503 2047 638 2132 legimus
653 2049 686 2113 in
700 2046 832 2114 Ieremia
855 2070 941 2112 aram
956 2046 1100 2111 Thaleth.
1130 2052 1178 2110 est
1199 2051 1303 2110 autem
1318 2045 1352 2107 in
1366 2042 1554 2108 suburbanis

245 2143 354 2208 Aeliae
384 2168 485 2228 usque
515 2147 608 2212 hodie
636 2147 725 2212 loeus
757 2149 812 2231 qui
843 2150 888 2213 sie
917 2152 1056 2226 uocatur,
1088 2147 1175 2210 iuxta
1196 2145 1348 2228 piscinam
1371 2143 1501 2208 fullonis
1524 2148 1555 2206 et

194 2318 202 2328 ,
243 2263 354 2326 agrum
377 2244 617 2310 Acheldemach.

801 2563 849 2626 De
872 2561 993 2628 Genesi.
1571 2567 1621 2622 130

327 2707 422 2774 Iaboo
445 2709 568 2790 fluuius,
591 2734 654 2794 quo
677 2713 860 2777 transmisso
884 2712 1021 2776 luctatus
1045 2715 1092 2775 est
1113 2710 1207 2776 laoob
1231 2713 1381 2774 aduersus
1404 2731 1475 2773 eum
1498 2709 1552 2792 qui

193 2821 227 2876 20
244 2808 303 2872 sibi
335 2815 528 2891 apparuerat,
559 2816 754 2895 uocatusque
776 2811 881 2876 Israel.
924 2811 995 2875 fluit
1016 2815 1120 2875 autem
1142 2811 1224 2874 inter
1248 2811 1395 2886 Amman‚
1426 2810 1485 2874 hoo
1507 2814 1553 2873 est

244 2907 450 2985 Filadelfiam,
472 2914 503 2972 et
526 2907 674 2974 Gerasam
696 2911 729 2974 in
753 2916 865 2995 quarto
889 2911 954 2974 eius
977 2910 1121 2988 miliaria,
1143 2915 1174 2974 et
1195 2909 1279 2974 ultra
1300 2912 1472 2991 procedens
1487 2906 1552 2972 Ior-

243 3007 314 3069 dani
338 3007 435 3073 fluuio
458 3011 687 3074 commiscetur.

326 3106 472 3171 Idumaea
495 3109 582 3190 regio
597 3108 691 3186 Esau,
715 3134 795 3194 quae
817 3133 854 3174 ex
878 3132 914 3174 eo
938 3109 1022 3193 quod
1043 3109 1096 3172 ille
1112 3109 1214 3172 Edom
1236 3110 1418 3172 uocabatur
1437 3129 1551 3172 nomen
1569 3111 1616 3163 131

242 3208 369 3287 aceepit.
414 3213 461 3270 est
492 3214 595 3270 aretem
623 3209 705 3274 eirea
732 3211 841 3273 urbem
864 3209 1003 3286 Petram,
1034 3231 1113 3292 quae
1140 3229 1224 3271 nuno
1246 3207 1362 3270 dialtur
1384 3207 1549 3272 Gebalene.

327 3441 344 3493 ⁸3
364 3439 439 3493 Hier.
460 3456 501 3509 ep.
521 3442 561 3504 37,
580 3441 596 3493 2
614 3440 650 3494 ad
668 3440 842 3494 Marcellam:
862 3439 973 3505 Quaeris
992 3439 1015 3494 si
1032 3439 1143 3494 Tharais
1161 3439 1230 3510 lepis
1249 3437 1433 3508 chrysolithus
1451 3438 1487 3494 sit

241 3558 325 3608 quare
344 3580 349 3593 .
368 3581 372 3591 .
393 3581 398 3594 .
418 3541 548 3596 Salomon
566 3544 595 3596 et
605 3543 736 3612 Iosephat
752 3542 781 3597 in
795 3559 940 3613 regnorum
952 3541 1030 3597 libn's
1042 3557 1127 3595 naues
1139 3538 1294 3606 habuerint,
1313 3557 1384 3609 quae
1396 3539 1430 3595 de
1440 3540 1551 3595 'lharsis

241 3641 338 3696 solitae
365 3641 420 3694 sint
446 3659 570 3696 exercere
597 3644 797 3699 eommeroium.
833 3643 869 3698 ad
896 3643 969 3712 quod
995 3643 1083 3696 facilis
1103 3646 1145 3696 est
1162 3641 1300 3713 responsio
1320 3633 1474 3711 ὁμώνυμον
1493 3659 1551 3698 esse

240 3744 417 3809 uocabulum,
445 3744 518 3813 quod
545 3748 573 3799 et
591 3746 685 3800 indiae
710 3745 786 3816 regio
812 3745 854 3800 ita
870 3744 1036 3816 appelletur,
1064 3748 1093 3799 et
1113 3743 1202 3814 ipsum
1220 3760 1294 3798 mare
1313 3743 1378 3812 quia
1394 3743 1550 3798 caeruleum

239 3844 275 3898 sit
294 3886 299 3898 .
319 3886 324 3898 .
344 3887 350 3898 .
368 3845 434 3900 lieet
447 3847 576 3916 Iosephus
591 3849 666 3901 ΤΑΥ
679 3847 773 3901 littera
791 3849 960 3902 commutata
973 3846 1090 3901 Graecos
1102 3848 1181 3916 putet
1197 3846 1312 3899 Tarsum
1329 3845 1483 3915 appellasse
1500 3863 1549 3916 pro

238 3945 348 4000 Tharais
408 3949 425 4002 3
444 3949 499 4017 vgl.
518 3949 591 4003 Hier.
605 3965 702 4003 comm.
720 3948 749 4002 in
767 3949 813 4003 les
831 3950 855 4016 2,
875 3950 921 4014 16;
941 3951 981 4010 66,
1000 3949 1069 4011 ieta
1089 3965 1187 4003 comm.
1206 3947 1236 4000 in
1252 3947 1299 4001 Jer
1318 3949 1357 4010 10.
1376 3947 1432 4014 blla
1451 3964 1548 4003 oomm.

237 4047 266 4100 in
284 4047 344 4102 Dan
364 4049 403 4114 10,
422 4051 438 4104 o
492 4049 528 4104 15
538 4049 572 4105 n.
591 4050 646 4119 vgl.
665 4050 739 4104 Hier.
758 4068 856 4106 oomm.
868 4049 897 4102 in
909 4035 955 4104 ter
968 4053 991 4114 7,
1010 4051 1079 4105 dot:
1098 4089 1104 4104 .
1124 4091 1130 4104 .
1149 4090 1155 4103 .
1173 4066 1250 4103 aram
1267 4048 1401 4119 Topheth,
1420 4051 1550 4116 quaeest

237 4149 266 4203 iu
284 4150 357 4204 ualle
376 4150 494 4204 liliorum
511 4149 626 4216 Ennom,
644 4150 723 4206 illum
740 4151 831 4208 locum
850 4151 995 4224 signifieat,
1015 4153 1062 4220 qui
1076 4151 1150 4206 Siloe
1167 4150 1289 4206 fontibus
1306 4149 1443 4216 irrigatur,
1462 4152 1490 4204 et
1507 4155 1549 4203 est

236 4267 368 4306 amoenus
387 4255 469 4320 atque
488 4269 645 4306 nemorosus
663 4253 799 4322 hodieque
817 4256 960 4309 hortorum
983 4253 1096 4323 praebet
1117 4251 1229 4306 delicias
1300 4250 1381 4309 aaa.
1399 4251 1454 4320 vgl.
1475 4251 1547 4305 Hier.

236 4369 333 4405 comm.
353 4351 380 4404 iu
400 4354 487 4407 aad]

320 4554 414 4624 lubi}
433 4555 506 4608 unde
530 4555 652 4609 lbllarsi
723 4557 760 4610 ia
778 4556 926 4610 Thalassar
948 4555 1000 4609 GH
1051 4557 1084 4610 17
1107 4555 1275 4609 acheldema
1293 4553 1318 4606 A
1336 4551 1551 4606 AeheldamaH

236 4657 275 4710 20
295 4658 469 4726 vocatusque]
490 4665 521 4721 l·
541 4659 622 4712 estO
