3700 5518
778 471 968 542 Hieronymus.

147 1407 203 1460 ,40
306 1389 463 1462 Eusebius,
486 1361 579 1466 quic
600 1388 680 1448 becio
703 1387 833 1464 Pcmfilo
854 1395 984 1466 marimo
1005 1393 1231 1465 cognmentum
1252 1389 1377 1448 sorites
1397 1395 1447 1457 est,
1463 1393 1535 1464 post
1550 1393 1584 1450 82

218 1491 316 1550 decem
342 1488 547 1548 ecclesiasticae
568 1487 709 1547 historiae
730 1487 832 1562 libros,
856 1495 926 1566 post
948 1493 1113 1565 temporum
1133 1504 1274 1560 conones,
1297 1505 1372 1564 quos
1393 1506 1451 1546 nos
1471 1487 1533 1547 La-

220 1583 286 1649 ¹ino
315 1589 420 1664 linceo
449 1587 611 1662 edidimus,
643 1587 716 1666 post
746 1581 941 1648 diuersorum
971 1581 1127 1648 uocebule
1152 1581 1330 1660 notionum,
1361 1603 1442 1666 quae
1469 1603 1532 1666 quo

220 1685 317 1750 modo
345 1683 421 1749 olim
450 1683 534 1766 spud
554 1679 717 1748 Hebraeos
745 1681 828 1746 dicte
854 1683 919 1748 sint
945 1687 976 1747 ct
1000 1704 1084 1747 nunc
1108 1681 1252 1746 dicentur
1273 1681 1431 1765 exposuit,
1459 1686 1533 1765 post

187 1781 451 1867 boborogretiem
472 1787 574 1846 terreo
595 1779 730 1846 Iudaeae
753 1785 784 1846 et
803 1782 966 1848 distinctos
983 1783 1122 1846 tribuum
1147 1785 1260 1860 sortes,
1280 1780 1379 1864 ipsius
1403 1801 1531 1865 quoque

220 1881 392 1948 Ierusalem
414 1879 588 1964 templique
609 1881 643 1945 in
667 1905 703 1946 ec
718 1903 790 1946 curn
812 1881 997 1948 breuissime
1018 1881 1214 1966 expositione
1236 1880 1401 1964 picturam,
1424 1881 1464 1944 ed
1479 1901 1530 1945 ex·

221 1989 357 2048 tremum
387 1981 421 2046 in
451 1981 511 2046 boc
543 1980 696 2064 opusculo
726 1981 896 2060 leborsuit,
927 1987 962 2047 ut
994 1983 1202 2066 congregaret
1231 1979 1322 2044 nobie
1352 1980 1392 2043 de
1422 1983 1531 2043 sencte

221 2083 378 2167 scripture
399 2081 540 2146 omnium
562 2101 660 2164 peene
682 2079 821 2160 urbium,
843 2083 1012 2162 montium,
1032 2079 1211 2158 fluminum,
1232 2077 1410 2144 uiculorum
1432 2083 1463 2143 et
1484 2079 1530 2142 di·

220 2203 385 2248 uersorum
407 2179 550 2246 locorum
572 2179 737 2260 uocabulo,
759 2201 840 2265 quse
861 2180 913 2245 uel
935 2183 1044 2246 eedem
1064 2182 1193 2244 monent
1211 2176 1263 2242 uel
1277 2177 1444 2243 immutate
1457 2183 1531 2241 sunt

170 2295 203 2350 10
221 2287 345 2366 postes,
371 2279 423 2346 uel
450 2279 557 2363 slique
584 2285 732 2364 experte
755 2285 909 2364 corrupte.
951 2283 1031 2343 unde
1052 2289 1079 2342 et
1097 2303 1163 2358 nos,
1191 2281 1378 2342 admirabiles
1398 2282 1463 2342 uiri
1482 2301 1529 2342 se-

222 2391 342 2466 quentes
367 2377 519 2455 studium,
546 2385 709 2444 secundum
736 2385 870 2444 ordinem
895 2385 1060 2444 litterarum
1085 2388 1119 2442 ut
1140 2389 1213 2442 sunt
1232 2381 1267 2441 in
1293 2382 1402 2442 Graeco
1418 2382 1529 2458 posits,

222 2485 444 2558 transtulimus,
463 2483 660 2562 relinquentes
680 2503 714 2544 ec
735 2503 809 2562 quae
831 2485 923 2564 diocia
943 2483 1088 2544 ntemoric
1102 2500 1165 2542 con
1178 2481 1327 2554 uidentur,
1349 2487 1376 2540 ei
1389 2481 1530 2558 pleraque

222 2591 376 2647 mutantes.
419 2583 508 2644 semel
535 2585 617 2642 enim
642 2589 668 2644 et
688 2585 724 2644 in
746 2591 910 2662 temporum
931 2583 1004 2642 libro
1019 2582 1177 2660 praefatus
1197 2599 1276 2654 sum,
1302 2599 1349 2641 mc
1369 2579 1419 2640 uel
1437 2580 1530 2640 inter·

216 2691 330 2763 pretem
355 2703 417 2744 cese
442 2681 491 2743 uel
516 2683 594 2742 noui
619 2684 716 2760 operis
736 2684 924 2758 conditorem,
950 2683 1081 2742 maxime
1105 2700 1174 2742 cum
1199 2681 1322 2758 quidam
1344 2681 1400 2739 cic
1414 2680 1530 2756 primis

169 2791 202 2844 15
221 2783 355 2844 imbutos
381 2782 485 2842 litteus
510 2783 590 2842 bunc
615 2783 741 2844 eundem
767 2783 879 2843 librum
904 2801 1001 2842 cumis
1026 2783 1066 2841 eit
1086 2781 1121 2841 in
1142 2781 1285 2841 Latinam
1307 2780 1445 2856 linquam
1465 2797 1529 2839 non

220 2883 329 2944 latim
358 2888 483 2944 uomere:
512 2883 601 2941 cuius
626 2883 811 2960 impertirem
837 2901 872 2942 eo·
899 2883 1117 2960 comparatione
1141 2899 1247 2940 eorum
1272 2897 1346 2957 quoe
1371 2879 1528 2938 transtuli·

220 3001 300 3057 mus,
330 2983 467 3060 peridem
500 2983 602 3040 statim
627 2982 712 3042 lector
736 2983 877 3042 inueniet.
920 2988 955 3041 ut
979 2982 1057 3042 enim
1081 2979 1160 3040 milri
1184 2979 1293 3039 melea
1312 2997 1376 3040 non
1395 2977 1527 3052 cinaeo,

220 3084 264 3142 ito
285 3087 376 3142 terrae
396 3081 579 3142 cohaerentis
599 3083 770 3160 supergredi
785 3099 874 3158 posse
896 3101 942 3140 me
962 3081 1053 3140 credo

779 3343 828 3408 De
852 3341 972 3408 Genesi.

167 3487 202 3544 20
301 3461 418 3527 Areret
438 3461 596 3528 Armenio.
639 3460 794 3545 siquidem
816 3458 849 3522 in
870 3457 1032 3524 montibus
1048 3457 1162 3522 Arctet
1183 3477 1256 3520 erce
1276 3460 1350 3538 poet
1371 3453 1525 3520 diluuium

219 3561 336 3627 sedisse
357 3561 548 3644 perhibetur,
570 3565 602 3625 et
623 3561 770 3624 dicuntur
791 3559 908 3622 ibidem
930 3578 1030 3642 usque
1051 3556 1145 3622 bodie
1164 3555 1231 3620 eius
1243 3575 1369 3619 munere
1383 3554 1527 3638 uestigia.

306 3762 367 3820 ln.
394 3761 450 3832 vgl.
476 3759 525 3814 ΤΠ
543 3759 589 3814 NF
620 3759 744 3824 v111‚2,
767 3758 827 3815 lut.
917 3757 995 3813 len.
1018 3757 1091 3811 Hier.
1120 3757 1213 3812 ebron.
1239 3753 1281 3808 ed.
1307 3752 1432 3810 Sebosus
1453 3755 1478 3822 1,
1496 3755 1525 3808 3:

219 3863 359 3918 sciendum
394 3861 497 3918 etenim
532 3865 574 3916 est
598 3879 643 3917 me
669 3864 698 3917 et
727 3859 883 3932 interpretis
914 3861 943 3914 ct
972 3857 1113 3914 scribtoris
1144 3873 1178 3911 ex
1207 3859 1285 3926 porte
1316 3855 1407 3910 officio
1438 3873 1526 3912 usum.

219 3965 256 4020 21
269 3965 303 4023 n.
321 3963 376 4034 rgl
394 3963 468 4018 Hier.
487 3979 584 4018 comm.
602 3961 633 4017 in
650 3961 696 4017 Jes
713 3965 754 4028 37,
773 3961 842 4017 36ff.

303 4135 323 4190 c
350 4133 379 4188 iu
402 4132 513 4187 nomine
535 4131 607 4187 trino
631 4130 725 4188 diuino
747 4131 845 4202 incipit
865 4128 937 4184 liber
957 4128 1081 4184 locorum
1103 4145 1121 4182 e
1142 4126 1223 4182 boeto
1246 4125 1414 4196 Hieronymo
1436 4124 1526 4180 editus

218 4237 243 4288 A
262 4233 362 4306 Incipit
382 4231 509 4290 Proiecto
531 4232 636 4288 eusebii
658 4231 802 4303 Sophronii
819 4229 953 4286 leronimi
974 4231 1005 4284 in
1025 4229 1097 4285 libro
1119 4229 1241 4284 locorum
1264 4226 1300 4280 eb
1322 4226 1432 4283 eusebio
1450 4243 1525 4296 pem·

217 4334 294 4406 philo
316 4335 463 4390 emonensi
481 4333 607 4406 episcopo
625 4335 699 4404 prins
716 4333 790 4388 edito
811 4332 923 4402 quidem
939 4331 968 4386 in
986 4347 1066 4400 greco
1084 4330 1132 4385 sed
1149 4347 1167 4384 s
1183 4329 1290 4400 prelato
1307 4327 1447 4383 Jeronimo
1464 4331 1527 4398 post

218 4436 328 4492 modum
356 4435 517 4506 diligentins
543 4435 579 4488 nd
604 4435 733 4489 Latinum
752 4435 846 4488 stilum
874 4433 1010 4488 translato
1033 4433 1055 4485 B
1081 4431 1179 4502 incipit
1200 4429 1330 4501 prologus
1353 4429 1473 4484 locorum
1497 4433 1526 4483 et

217 4537 359 4592 nominum
382 4537 406 4592 O
457 4537 494 4594 18
517 4535 608 4606 credo]
627 4541 658 4600 -l-
677 4535 791 4606 explicit
808 4537 833 4590 A
853 4539 882 4602 -l-
902 4534 1016 4606 explicit
1032 4531 1178 4605 praelatio,
1197 4529 1294 4601 incipit
1310 4529 1381 4584 liber
1403 4529 1525 4586 locorum

220 4639 306 4708 (rofi)
323 4641 353 4696 et
374 4637 516 4694 nominum
538 4639 562 4694 0
1348 4714 1383 4769 1*
