3780 5536
804 515 993 584 Hieronymus.
1489 517 1545 578 131

141 689 223 743 ΑΘΗ
325 686 428 750 Massa
449 686 480 749 in
503 686 588 750 tribu
612 685 687 764 Gad,
709 689 853 767 separata
866 683 993 749 Leuitis.
1023 689 1071 748 est
1091 687 1196 747 autem
1219 687 1250 746 et
1265 681 1325 745 alia
1347 704 1430 747 nunc
1445 681 1546 747 Massa

235 786 271 850 in
294 786 410 851 finibus
425 784 706 867 Eleutheropoleos
722 788 832 849 eontra
846 782 1092 866 septentrionem
1106 782 1309 867 pergentibus
1323 782 1456 861 Aeliam,
1477 803 1546 864 per·

235 885 342 950 tinans
365 888 405 948 ad
426 885 546 949 tribum
567 882 670 948 Iudae.

319 983 458 1049 Mennim
479 985 513 1048 in
535 983 619 1048 tribu
642 983 718 1063 Gad,
742 987 885 1065 separata
905 981 1024 1047 Leuitis
1046 982 1079 1046 in
1101 982 1229 1066 regione
1252 981 1457 1046 Galaaditide.

197 1189 213 1242 5
318 1184 467 1250 Moladab
490 1187 523 1248 in
545 1185 629 1249 tribu
651 1183 746 1249 ludae
764 1185 831 1250 siue
854 1184 1027 1267 Symeonis.

319 1283 502 1348 Medemena
515 1284 549 1347 in
564 1283 649 1348 tribu
663 1283 766 1363 Iudae,
789 1285 877 1350 ouius
891 1284 1035 1348 meminit
1049 1281 1168 1347 Esaias.
1211 1287 1242 1346 et
1259 1303 1343 1346 nune
1359 1285 1406 1345 est
1420 1279 1543 1344 Menois

231 1384 385 1466 oppidum
403 1383 491 1448 iuxta
513 1383 674 1448 ciuitatem
697 1382 820 1449 Gazam.

316 1483 466 1566 Magdala
486 1485 520 1547 in
541 1483 625 1548 tribu
647 1481 750 1548 Iudae.

316 1583 439 1646 lllarssa
460 1583 492 1646 in
514 1584 600 1648 tribu
621 1581 731 1661 ludse,
759 1583 848 1646 ouius
871 1604 954 1646 nuno
975 1584 1194 1646 tantummodo
1217 1586 1291 1646 sunt
1310 1580 1419 1644 ruinae
1439 1580 1473 1643 in
1495 1600 1542 1642 se·

177 1693 210 1746 10
229 1685 335 1747 eundo
356 1681 461 1764 lapide
482 1679 773 1764 Eleutheropoleos.

315 1781 412 1845 Maon
432 1782 466 1845 in
488 1782 572 1847 tribu
595 1779 690 1844 ludae
713 1784 822 1845 eontra
843 1779 919 1845 solis
943 1785 1047 1844 ortum
1068 1780 1233 1844 Daromae.

315 1881 441 1946 Meroth
463 1882 496 1945 in
518 1881 603 1945 tribu
624 1879 728 1944 Iudae.

315 1982 425 2045 Maddi
446 1981 479 2044 in
501 1980 586 2044 tribu
607 1977 712 2042 Iudae.

315 2081 418 2144 Mesia
439 2080 471 2143 in
493 2079 578 2142 tribu
600 2076 775 2142 Beniamin.

177 2181 210 2233 15
314 2180 500 2244 Maehthoth
522 2179 556 2242 in
579 2177 663 2241 tribu
684 2178 836 2242 Manasse.

312 2279 433 2343 Merula
455 2299 602 2342 aseensus
624 2275 774 2340 Zabulon.

312 2376 424 2442 Masan
454 2378 488 2440 in
518 2376 604 2440 tribu
625 2377 707 2440 Aser
736 2377 824 2440 iuxta
854 2375 1034 2442 Carmelum
1060 2378 1098 2438 ad
1129 2397 1222 2452 mare,
1253 2375 1365 2439 ciuitas
1395 2376 1538 2454 separata

226 2475 356 2540 Leuitis.

311 2575 433 2639 Meeleb
456 2576 608 2640 terminus
630 2573 815 2638 Nefthalim.

172 2675 206 2729 20
311 2672 450 2757 Magdiel
471 2675 504 2737 in
526 2674 611 2738 tribu
626 2673 812 2738 Nefthelim.
849 2676 879 2735 et
900 2673 1056 2756 hodieque
1078 2696 1194 2755 paruus
1210 2673 1298 2736 uicus
1313 2671 1488 2735 ostenditur
1502 2669 1534 2732 in

229 2773 338 2856 quinto
361 2773 496 2836 miliario
519 2772 622 2838 Dorae
644 2775 848 2858 pergentibus
870 2771 1108 2838 Ptolomaidem.

717 3021 765 3085 De
786 3021 867 3085 libro
890 3021 1044 3086 Iudioum.

310 3172 525 3250 Mosfethaim‚
547 3194 604 3255 pro
626 3194 689 3255 quo
712 3170 829 3255 Aquila
850 3173 1074 3254 interpretetur
1095 3171 1238 3248 sortium,
1262 3169 1467 3253 Symmachus
1489 3169 1536 3231 ui·

227 3295 388 3337 armerum.

172 3387 208 3442 25
309 3371 319 3454 ll
342 3372 430 3437 More
453 3394 566 3436 nomen
590 3376 637 3435 est
660 3369 758 3448 cellis,
789 3375 822 3432 de
848 3393 907 3450 quo
930 3375 1068 3433 inlibris
1090 3373 1603 3448 Hebraiearumqueesliouumllo

219 3477 342 3553 plenius
363 3477 538 3551 disputatur.

307 4461 463 4516 llllessafa
481 4462 554 4529 Alo)
573 4461 680 4514 Mesala
698 4459 729 4512 Η
765 4459 887 4526 {Messes
905 4459 930 4510 A
948 4457 1099 4512 uesano
1131 4454 1486 4525 tlseptentrionem]†est
1503 4457 1531 4508 et

220 4564 275 4618 alia
298 4563 422 4616 Vellorsi
472 4561 648 4618 lMaauaim
673 4561 723 4614 CH
773 4562 813 4615 20
831 4563 859 4613 et
876 4569 908 4618 <
931 4559 954 4614 Ο
1011 4559 1049 4614 32
1068 4557 1236 4613 Mosfethain
1254 4557 1278 4608 A
1297 4554 1463 4610 Mosfetham
1486 4555 1527 4622 Ol

218 4667 371 4724 uicinarum
390 4663 475 4717 ACH

1283 4743 1298 4796 9
1306 4741 1319 4770 *
