3752 5542
783 469 975 538 Hieronymus.
1519 471 1536 532 7

158 655 213 712 AO
227 655 316 735 parte
337 652 409 718 uiae
431 652 615 718 duodecimo
638 651 761 718 circiter
782 653 918 719 miliario
941 653 980 718 ab
999 653 1100 733 Aelia,
1123 657 1154 719 et
1175 674 1274 737 usque
1296 653 1398 733 hodie,
1419 671 1536 734 paruus

227 749 303 816 licet
332 752 430 830 uicus,
460 752 642 817 ostenditur.
685 757 736 818 sed
764 763 791 817 et
818 759 935 820 sabaia
961 759 1114 836 aedificata
1142 763 1186 818 est
1211 757 1266 818 abi
1285 757 1430 818 dormtait
1451 755 1535 816 Iacob

220 873 348 932 peraeae
369 858 622 933 Mesopotamiam,
653 858 731 917 aude
760 863 788 918 et
814 859 875 935 ipsi
896 859 956 918 loeo
978 858 1085 933 Betbet,
1107 859 1140 918 id
1160 863 1201 918 est
1222 857 1330 918 domes
1350 857 1404 931 dei,
1425 873 1535 916 aaran

226 949 234 1032 :l
255 955 409 1032 imposuit.
451 951 559 1036 Aggai
588 973 664 1017 uero
694 953 749 1016 uix
778 975 895 1036 perusa
925 951 1033 1017 ruinae
1055 953 1204 1032 resident,
1236 956 1267 1017 et
1287 951 1376 1018 locus
1396 955 1534 1017 tanturn·
1551 951 1586 1007 84

192 1053 321 1120 amodo
345 1053 584 1116 demonstretur.
626 1061 653 1116 et
673 1057 826 1118 satmdam
854 1058 933 1134 qaod
952 1058 987 1116 ia
1008 1057 1137 1118 Hebraeo
1166 1057 1342 1118 &litarem
1358 1075 1422 1116 aaa
1442 1056 1534 1128 babet,

225 1155 277 1214 aed
296 1161 422 1215 coeatur
443 1151 493 1232 Ar,
508 1157 705 1232 sarbitarqae
721 1175 776 1234 per
796 1157 970 1218 elementum
991 1158 1071 1234 quod
1091 1157 1173 1234 apud
1193 1175 1242 1216 eos
1263 1156 1373 1216 dieitur
1394 1155 1464 1217 Aris.

306 1249 460 1317 Astaroth
491 1250 636 1317 Carnaim
670 1256 753 1316 terre
783 1251 947 1336 gigantum
984 1255 1142 1337 quondam
1172 1252 1206 1316 in
1236 1251 1404 1335 supercilio
1434 1249 1533 1316 Sodo-

223 1372 362 1430 morum,
394 1371 472 1436 quos
493 1349 653 1416 interfecit
674 1349 949 1435 chodollogomor,
991 1356 1066 1417 sunt
1086 1351 1243 1436 hodieque
1265 1355 1327 1416 duo
1349 1349 1478 1416 castella
1500 1351 1533 1416 iu

223 1449 383 1516 Batanaee
403 1451 465 1517 hoc
485 1450 649 1528 uocabulo,
671 1472 787 1516 nouem
807 1451 943 1516 interae
964 1450 1092 1517 milibus
1114 1455 1270 1534 separate,
1291 1450 1373 1516 inter
1394 1450 1533 1516 Aderam

174 1563 208 1618 10
225 1555 256 1612 et
276 1549 405 1614 Abilam
427 1549 579 1616 ciuitates.

307 1648 423 1715 Arboe.
464 1659 597 1731 corrupte
617 1655 652 1714 ire
673 1655 786 1716 ausam
806 1655 954 1715 codicibus
972 1654 1066 1716 Arbae
1087 1655 1232 1730 emetitur,
1254 1673 1323 1714 aum
1343 1655 1378 1714 ire
1392 1653 1533 1714 Hebraeis

222 1753 334 1830 lepatar
355 1753 439 1826 Arbe,
469 1753 502 1814 id
522 1759 565 1814 est
585 1761 732 1831 quattuor,
761 1773 793 1816 eo
815 1755 894 1832 quod
913 1755 957 1814 aa·
977 1761 1035 1815 tres
1052 1755 1247 1832 patriarchae,
1278 1754 1417 1830 Abraam,
1447 1754 1533 1816 Isaae

222 1858 248 1911 et
269 1851 362 1926 Iacob,
392 1853 500 1930 sepulti
520 1859 600 1928 sant,
630 1861 657 1914 et
680 1854 797 1914 »Adam
826 1872 985 1931 mayaasr,
1014 1860 1050 1914 at
1069 1854 1104 1914 ia
1124 1853 1192 1914 Iesu
1214 1853 1287 1914 libra
1309 1854 1455 1931 scriptum
1475 1859 1530 1914 est:

224 1952 288 2012 ticet
309 1971 378 2013 eam
399 1953 524 2030 quidam
544 1955 695 2014 conditam
716 1955 752 2014 ia
772 1953 833 2014 loeo
852 1953 1007 2014 Cataeetae
1028 1953 1223 2030 saspmeatm.
1258 1949 1337 2014 haec
1358 1953 1406 2013 est
1426 1954 1531 2015 autem

174 2058 205 2112 15
223 2049 332 2112 eadem
354 2045 505 2127 Chebron,
527 2047 604 2114 olim
626 2047 810 2132 metropolis
826 2047 1043 2114 Filistinorum
1066 2051 1098 2113 et
1117 2047 1333 2114 habitaculum
1355 2047 1529 2133 gigantum,

222 2166 416 2232 regnumque
446 2151 557 2232 postea
577 2148 690 2226 Dauid,
721 2149 754 2212 in
784 2147 869 2212 tribu
889 2147 986 2212 Iudae
1017 2147 1129 2213 ciuitas
1159 2147 1362 2214 sacerdotalis
1395 2152 1426 2213 et
1447 2149 1530 2234 fugi·

220 2247 368 2313 tiuorum.
403 2246 499 2311 distem
520 2251 560 2312 ad
581 2247 786 2313 meridianam
807 2246 934 2331 plegem
956 2250 995 2312 ab
1014 2246 1106 2312 Aelia
1127 2247 1255 2314 milibus
1277 2247 1401 2313 circiter
1414 2249 1529 2333 uiginti

221 2347 351 2411 duobus.
394 2350 425 2411 et
447 2368 580 2431 quercus
602 2350 750 2429 Abraam,
780 2370 856 2429 qaae
876 2357 903 2411 et
923 2352 1063 2426 Mambre,
1093 2371 1189 2429 arque
1202 2353 1241 2412 ad
1265 2351 1528 2430 carroperae

220 2450 384 2527 imperium
412 2451 644 2527 monstrabatur,
674 2459 706 2511 et
734 2446 931 2512 mausoleum
961 2447 1028 2511 eius
1057 2447 1091 2510 in
1112 2448 1360 2530 praesentiarum
1383 2448 1527 2527 cernitur,

169 2560 203 2616 20
219 2567 344 2627 memque
373 2569 392 2609 a
421 2552 533 2610 acatis
553 2551 661 2611 ibidem
682 2551 798 2611 eeabsia
818 2551 882 2611 iam
911 2555 1041 2611 eatrewta
1070 2551 1118 2626 sit,
1144 2569 1163 2610 a
1192 2546 1313 2611 cunctis
1339 2547 1372 2611 in
1394 2548 1528 2612 circuitu

220 2645 367 2728 gentibus
389 2645 558 2711 terebinthi
578 2646 667 2711 locus
690 2645 906 2730 superstitiose
928 2644 1055 2725 colitur,
1082 2668 1119 2711 eo
1142 2649 1227 2730 quod
1251 2643 1309 2714 sub
1331 2669 1367 2710 ea
1389 2645 1528 2712 Abream

219 2745 350 2828 angelos
381 2748 540 2830 quondam
561 2746 698 2830 hospitio
721 2744 900 2830 susceperit
939 2747 1017 2810 haec
1038 2766 1114 2830 ergo
1136 2746 1273 2830 primum
1293 2745 1388 2824 Arbe,
1417 2752 1528 2830 postea

220 2868 239 2910 a
265 2843 418 2925 Ohebron,
449 2867 511 2910 uno
540 2845 679 2911 filiorum
709 2844 827 2911 Chaleb
858 2845 969 2911 sortita
998 2845 1190 2911 uocabulum
1219 2850 1274 2912 est
1321 2845 1391 2930 lege
1422 2844 1528 2912 Uerbe

221 2943 350 3010 dierum.

169 3056 203 3112 25
303 3041 412 3108 Ailath
442 3043 476 3106 in
498 3043 644 3109 extremis
669 3045 785 3111 tinibus
807 3045 1005 3111 Palaestinae
1026 3045 1133 3110 iuncte
1154 3043 1344 3109 meridianae
1365 3043 1529 3109 solitudini

221 3147 252 3207 et
273 3143 352 3208 mari
373 3145 476 3224 rubro,
499 3147 581 3208 unde
604 3166 642 3208 ex
655 3146 803 3228 Aegypto
819 3143 940 3210 Indiam
963 3149 995 3209 et
1012 3145 1085 3209 inde
1100 3147 1141 3209 ed
1154 3145 1337 3227 Aegyptum
1352 3143 1527 3228 nauigatur.

220 3245 307 3308 sedet
337 3247 442 3308 autem
472 3243 517 3308 ibi
547 3243 632 3327 legio
663 3243 806 3310 Romana
836 3249 1046 3328 cognomento
1077 3243 1205 3308 decime.
1249 3246 1280 3307 et
1302 3241 1378 3307 olim
1400 3244 1527 3328 quidem

218 3341 326 3407 Ailath
349 3365 367 3407 a
388 3343 548 3408 ueteribus
571 3344 746 3424 dicebatur,
776 3366 860 3409 nunc
881 3366 956 3409 uero
978 3343 1155 3428 appellatur
1175 3341 1259 3406 Aila.
1302 3345 1357 3407 sed
1379 3346 1410 3407 et
1431 3342 1527 3408 Aela-

304 3492 355 3548 21.
374 3491 434 3548 Gen
451 3492 493 3557 28,
512 3493 544 3549 19
619 3493 655 3549 11
666 3494 700 3550 a.
718 3493 775 3564 rgl.
793 3493 866 3549 Hier.
886 3495 990 3563 quaest.
1007 3493 1037 3547 in
1055 3493 1115 3548 Gen
1133 3492 1159 3548 S.
1177 3493 1218 3558 35,
1236 3491 1318 3546 aad:
1343 3508 1444 3548 nomen
1462 3509 1527 3562 quo·

218 3609 271 3662 que
288 3593 411 3648 ciuitatis
425 3594 516 3650 Arboe
533 3594 667 3664 paulatim
685 3611 702 3649 a
720 3594 902 3650 scribentibus
919 3594 1131 3666 legentibusque
1149 3593 1306 3664 corruptum
1318 3595 1360 3648 est
1377 3633 1384 3648 .
1403 3632 1410 3647 .
1428 3635 1436 3648 .
1454 3633 1461 3649 .
1480 3594 1527 3650 sed

218 3693 318 3749 dicitur
335 3693 424 3762 arbee,
442 3695 496 3751 hoc
512 3698 555 3751 est
573 3698 699 3766 quatuor,
718 3695 783 3766 quia
799 3695 840 3750 ibi
856 3695 998 3752 Abraham
1015 3699 1045 3752 et
1061 3697 1139 3751 lseac
1157 3697 1186 3751 et
1196 3693 1278 3750 Iacob
1297 3693 1423 3751 conditus
1441 3697 1483 3754 est
1499 3697 1528 3750 et

217 3793 274 3864 ipse
299 3796 426 3867 princeps
451 3797 566 3852 humani
592 3797 699 3868 generis
717 3795 819 3853 Adam:
846 3800 878 3852 ut
902 3797 932 3852 in
949 3797 1033 3853 Hiesu
1058 3797 1130 3854 libro
1157 3795 1276 3867 apertius
1294 3796 1528 3852 demonstrabitur

220 3895 290 3952 let.
309 3895 632 3968 vgl.Hier.ep.108,11:
651 3897 786 3962 chebron,
804 3899 873 3954 haec
890 3901 932 3954 est
949 3898 1136 3965 Cariatharba,
1157 3898 1187 3954 id
1204 3901 1247 3954 est
1259 3897 1389 3969 oppidum
1406 3898 1528 3955 uirorum

218 4000 356 4066 quattuor,
374 4000 522 4068 Abraham,
541 3999 626 4067 Isaac,
644 4000 735 4064 Iacob,
754 4003 783 4055 et
794 4000 884 4055 Adam
896 3997 999 4071 magni,
1019 4017 1101 4070 quem
1117 3999 1157 4055 ibi
1175 3999 1316 4057 eonditum
1335 4000 1413 4055 iuxta
1424 3999 1526 4056 librum

217 4097 278 4152 lesu
290 4097 367 4155 Neue
379 4099 498 4156 Hebraei
516 4103 662 4156 autumant
673 4104 739 4166 etc.;
758 4101 814 4172 rgl.
827 4119 869 4172 ep.
880 4103 922 4168 46,
941 4103 957 4158 3
969 4101 1083 4172 (Paulae
1095 4104 1124 4157 et
1135 4099 1278 4157 Eustochii
1295 4101 1331 4155 ed
1343 4101 1525 4170 Marcellam);

217 4215 315 4254 comm.
341 4201 371 4256 in
388 4202 480 4258 Matth
497 4204 539 4271 27,
557 4203 602 4270 33;
630 4201 951 4272 comminEphb,14
1030 4202 1192 4270 leoslt,
1211 4205 1243 4258 15
1324 4203 1362 4259 25
1381 4203 1437 4274 vgt
1452 4201 1526 4258 Hier.

217 4316 314 4356 comm
332 4301 361 4356 iu
378 4302 417 4358 Ea
434 4305 476 4372 47,
495 4305 572 4360 18ff.:
599 4304 697 4375 lingue
722 4303 805 4360 meris
822 4303 906 4370 rubri,
933 4303 963 4358 in
990 4302 1066 4358 onius
1084 4303 1178 4359 littore
1195 4303 1279 4359 Abila
1296 4303 1386 4375 posite
1403 4305 1453 4370 est,
1478 4302 1526 4358 ubi

216 4419 290 4458 nuno
307 4407 430 4460 moratur
447 4404 522 4476 legio
540 4409 568 4461 et
585 4406 749 4477 praesidinm
767 4407 954 4462 Romanorum

302 4537 434 4608 bipseA
521 4541 558 4597 12
577 4541 668 4597 Arbae
691 4539 730 4594 Va
806 4541 844 4598 18
863 4539 1008 4596 MamreO
1081 4539 1121 4596 20
1139 4539 1273 4596 instructa
1287 4542 1312 4594 A
1377 4541 1417 4596 22
1436 4539 1526 4595 Arbee

223 4635 326 4707 Veto)
396 4641 656 4702 seara<ec
722 4641 1072 4712 AbAegypto]÷adA.
