<?xml version="1.0" encoding="UTF-8"?>
<!DOCTYPE html PUBLIC "-//W3C//DTD XHTML 1.0 Transitional//EN"
    "http://www.w3.org/TR/xhtml1/DTD/xhtml1-transitional.dtd">
<html xmlns="http://www.w3.org/1999/xhtml" xml:lang="en" lang="en">
 <head>
  <title>
</title>
<meta http-equiv="Content-Type" content="text/html;charset=utf-8" />
  <meta name='ocr-system' content='tesseract 3.04.00' />
  <meta name='ocr-capabilities' content='ocr_page ocr_carea ocr_par ocr_line ocrx_word'/>
</head>
<body>
  <div class='ocr_page' id='page_1' title='image "./diegriechischen02religoog/diegriechischen02religoog_0211.png"; bbox 0 0 3750 5540; ppageno 0'>
   <div class='ocr_carea' id='block_1_1' title="bbox 776 500 1527 572">
    <p class='ocr_par' dir='ltr' id='par_1_1' title="bbox 776 500 1527 572">
     <span class='ocr_line' id='line_1_1' title="bbox 776 500 1527 572; baseline 0.001 -18"><span class='ocrx_word' id='word_1_1' title='bbox 776 500 966 571; x_wconf 80' lang='lat' dir='ltr'><strong>Hieronymus.</strong></span> <span class='ocrx_word' id='word_1_2' title='bbox 1469 512 1527 572; x_wconf 84' lang='lat'>153</span> 
     </span>
    </p>
   </div>
   <div class='ocr_carea' id='block_1_2' title="bbox 125 662 1533 2246">
    <p class='ocr_par' dir='ltr' id='par_1_2' title="bbox 125 662 1529 929">
     <span class='ocr_line' id='line_1_2' title="bbox 125 662 1528 755; baseline 0.009 -31"><span class='ocrx_word' id='word_1_3' title='bbox 125 672 208 725; x_wconf 74' lang='grc' dir='ltr'>ΑΘΗ</span> <span class='ocrx_word' id='word_1_4' title='bbox 219 662 288 742; x_wconf 92' lang='lat' dir='ltr'>losi,</span> <span class='ocrx_word' id='word_1_5' title='bbox 310 686 425 728; x_wconf 89' lang='lat' dir='ltr'>nomen</span> <span class='ocrx_word' id='word_1_6' title='bbox 456 667 584 748; x_wconf 82' lang='lat' dir='ltr'>accepit</span> <span class='ocrx_word' id='word_1_7' title='bbox 627 667 659 730; x_wconf 85' lang='lat' dir='ltr'>in</span> <span class='ocrx_word' id='word_1_8' title='bbox 690 670 804 751; x_wconf 90' lang='lat' dir='ltr'>quibus</span> <span class='ocrx_word' id='word_1_9' title='bbox 834 670 913 734; x_wconf 89' lang='lat' dir='ltr'>locis</span> <span class='ocrx_word' id='word_1_10' title='bbox 943 675 1014 734; x_wconf 89' lang='lat' dir='ltr'>ante</span> <span class='ocrx_word' id='word_1_11' title='bbox 1044 670 1199 734; x_wconf 87' lang='lat' dir='ltr'>habitauit</span> <span class='ocrx_word' id='word_1_12' title='bbox 1222 670 1408 750; x_wconf 90' lang='lat' dir='ltr'>Ghorraeus,</span> <span class='ocrx_word' id='word_1_13' title='bbox 1435 694 1528 755; x_wconf 89' lang='lat' dir='ltr'>quem</span> 
     </span>
     <span class='ocr_line' id='line_1_3' title="bbox 219 763 1529 850; baseline 0.008 -26"><span class='ocrx_word' id='word_1_14' title='bbox 219 763 377 828; x_wconf 67' lang='lat' dir='ltr'><strong>interfecit</strong></span> <span class='ocrx_word' id='word_1_15' title='bbox 407 763 681 850; x_wconf 91' lang='lat' dir='ltr'>Ghodollagomor.</span> <span class='ocrx_word' id='word_1_16' title='bbox 732 771 876 834; x_wconf 78' lang='lat' dir='ltr'><strong>meminit</strong></span> <span class='ocrx_word' id='word_1_17' title='bbox 904 772 1020 834; x_wconf 91' lang='lat' dir='ltr'>montis</span> <span class='ocrx_word' id='word_1_18' title='bbox 1048 769 1116 832; x_wconf 89' lang='lat' dir='ltr'>Seir</span> <span class='ocrx_word' id='word_1_19' title='bbox 1147 775 1177 832; x_wconf 90' lang='lat' dir='ltr'>et</span> <span class='ocrx_word' id='word_1_20' title='bbox 1202 769 1313 835; x_wconf 80' lang='lat' dir='ltr'>Esaias</span> <span class='ocrx_word' id='word_1_21' title='bbox 1344 770 1377 833; x_wconf 93' lang='lat' dir='ltr'>in</span> <span class='ocrx_word' id='word_1_22' title='bbox 1407 771 1529 836; x_wconf 91' lang='lat' dir='ltr'>uisioue</span> 
     </span>
     <span class='ocr_line' id='line_1_4' title="bbox 220 860 394 929; baseline 0.006 -4"><span class='ocrx_word' id='word_1_23' title='bbox 220 860 394 929; x_wconf 75' lang='lat' dir='ltr'>Idumaeae.</span> 
     </span>
    </p>

    <p class='ocr_par' dir='ltr' id='par_1_3' title="bbox 303 964 1528 1051">
     <span class='ocr_line' id='line_1_5' title="bbox 303 964 1528 1051; baseline 0.004 -24"><span class='ocrx_word' id='word_1_24' title='bbox 303 964 407 1028; x_wconf 91' lang='lat' dir='ltr'>Salem</span> <span class='ocrx_word' id='word_1_25' title='bbox 430 966 540 1032; x_wconf 88' lang='lat' dir='ltr'>ciuitas</span> <span class='ocrx_word' id='word_1_26' title='bbox 564 966 753 1032; x_wconf 90' lang='lat' dir='ltr'>Sicimorum</span> <span class='ocrx_word' id='word_1_27' title='bbox 776 989 856 1050; x_wconf 90' lang='lat' dir='ltr'>quae</span> <span class='ocrx_word' id='word_1_28' title='bbox 878 973 925 1032; x_wconf 89' lang='lat' dir='ltr'>est</span> <span class='ocrx_word' id='word_1_29' title='bbox 941 968 1082 1051; x_wconf 80' lang='lat' dir='ltr'>Sychem.</span> <span class='ocrx_word' id='word_1_30' title='bbox 1117 971 1219 1032; x_wconf 88' lang='lat' dir='ltr'>sedet</span> <span class='ocrx_word' id='word_1_31' title='bbox 1241 969 1303 1032; x_wconf 88' lang='lat' dir='ltr'>alia</span> <span class='ocrx_word' id='word_1_32' title='bbox 1325 969 1402 1033; x_wconf 87' lang='lat' dir='ltr'>uilla</span> <span class='ocrx_word' id='word_1_33' title='bbox 1424 974 1528 1035; x_wconf 89' lang='lat' dir='ltr'>osten·</span> 
     </span>
    </p>

    <p class='ocr_par' dir='ltr' id='par_1_4' title="bbox 187 1065 1531 1546">
     <span class='ocr_line' id='line_1_6' title="bbox 187 1065 1528 1150; baseline 0.001 -20"><span class='ocrx_word' id='word_1_34' title='bbox 187 1079 202 1130; x_wconf 83' lang='lat'>5</span> <span class='ocrx_word' id='word_1_35' title='bbox 221 1065 304 1130; x_wconf 90' lang='lat' dir='ltr'>ditur</span> <span class='ocrx_word' id='word_1_36' title='bbox 325 1087 425 1148; x_wconf 89' lang='lat' dir='ltr'>usque</span> <span class='ocrx_word' id='word_1_37' title='bbox 446 1066 479 1129; x_wconf 92' lang='lat' dir='ltr'>in</span> <span class='ocrx_word' id='word_1_38' title='bbox 500 1072 697 1148; x_wconf 78' lang='lat' dir='ltr'>praesentem</span> <span class='ocrx_word' id='word_1_39' title='bbox 719 1067 802 1131; x_wconf 92' lang='lat' dir='ltr'>diem</span> <span class='ocrx_word' id='word_1_40' title='bbox 823 1067 910 1130; x_wconf 89' lang='lat' dir='ltr'>iuxta</span> <span class='ocrx_word' id='word_1_41' title='bbox 933 1069 1057 1132; x_wconf 84' lang='lat' dir='ltr'>Aeliam</span> <span class='ocrx_word' id='word_1_42' title='bbox 1080 1073 1188 1132; x_wconf 89' lang='lat' dir='ltr'>contra</span> <span class='ocrx_word' id='word_1_43' title='bbox 1215 1068 1440 1133; x_wconf 86' lang='lat' dir='ltr'>occidentalem</span> <span class='ocrx_word' id='word_1_44' title='bbox 1462 1069 1528 1150; x_wconf 90' lang='lat' dir='ltr'>pla-</span> 
     </span>
     <span class='ocr_line' id='line_1_7' title="bbox 221 1166 1530 1252; baseline 0.002 -24"><span class='ocrx_word' id='word_1_45' title='bbox 221 1184 294 1248; x_wconf 85' lang='lat' dir='ltr'>gam</span> <span class='ocrx_word' id='word_1_46' title='bbox 309 1167 369 1230; x_wconf 88' lang='lat' dir='ltr'>hoc</span> <span class='ocrx_word' id='word_1_47' title='bbox 383 1166 517 1230; x_wconf 89' lang='lat' dir='ltr'>nomine.</span> <span class='ocrx_word' id='word_1_48' title='bbox 557 1167 590 1229; x_wconf 94' lang='lat' dir='ltr'>in</span> <span class='ocrx_word' id='word_1_49' title='bbox 606 1171 719 1231; x_wconf 87' lang='lat' dir='ltr'>octauo</span> <span class='ocrx_word' id='word_1_50' title='bbox 742 1189 868 1251; x_wconf 89' lang='lat' dir='ltr'>quoque</span> <span class='ocrx_word' id='word_1_51' title='bbox 883 1167 988 1250; x_wconf 90' lang='lat' dir='ltr'>lapide</span> <span class='ocrx_word' id='word_1_52' title='bbox 1009 1168 1229 1252; x_wconf 86' lang='lat' dir='ltr'>aScythopoli</span> <span class='ocrx_word' id='word_1_53' title='bbox 1251 1169 1284 1232; x_wconf 89' lang='lat' dir='ltr'>in</span> <span class='ocrx_word' id='word_1_54' title='bbox 1306 1190 1417 1251; x_wconf 88' lang='lat' dir='ltr'>campo</span> <span class='ocrx_word' id='word_1_55' title='bbox 1440 1169 1530 1232; x_wconf 89' lang='lat' dir='ltr'>uicus</span> 
     </span>
     <span class='ocr_line' id='line_1_8' title="bbox 222 1263 1531 1351; baseline 0.004 -25"><span class='ocrx_word' id='word_1_56' title='bbox 222 1263 376 1328; x_wconf 88' lang='lat' dir='ltr'>Salumias</span> <span class='ocrx_word' id='word_1_57' title='bbox 399 1265 582 1348; x_wconf 88' lang='lat' dir='ltr'>appellatur.</span> <span class='ocrx_word' id='word_1_58' title='bbox 626 1264 748 1330; x_wconf 83' lang='lat' dir='ltr'>Iosefus</span> <span class='ocrx_word' id='word_1_59' title='bbox 770 1289 845 1332; x_wconf 89' lang='lat' dir='ltr'>uero</span> <span class='ocrx_word' id='word_1_60' title='bbox 869 1266 973 1331; x_wconf 88' lang='lat' dir='ltr'>Salem</span> <span class='ocrx_word' id='word_1_61' title='bbox 997 1289 1063 1332; x_wconf 90' lang='lat' dir='ltr'>esse</span> <span class='ocrx_word' id='word_1_62' title='bbox 1085 1268 1223 1332; x_wconf 88' lang='lat' dir='ltr'>affirmat</span> <span class='ocrx_word' id='word_1_63' title='bbox 1244 1267 1277 1331; x_wconf 92' lang='lat' dir='ltr'>in</span> <span class='ocrx_word' id='word_1_64' title='bbox 1300 1290 1362 1351; x_wconf 91' lang='lat' dir='ltr'>qua</span> <span class='ocrx_word' id='word_1_65' title='bbox 1384 1270 1531 1350; x_wconf 88' lang='lat' dir='ltr'>regnauit</span> 
     </span>
     <span class='ocr_line' id='line_1_9' title="bbox 220 1363 1530 1450; baseline 0.002 -23"><span class='ocrx_word' id='word_1_66' title='bbox 220 1363 437 1442; x_wconf 81' lang='lat' dir='ltr'>Melchisedec,</span> <span class='ocrx_word' id='word_1_67' title='bbox 462 1387 542 1448; x_wconf 89' lang='lat' dir='ltr'>quae</span> <span class='ocrx_word' id='word_1_68' title='bbox 565 1372 673 1448; x_wconf 87' lang='lat' dir='ltr'>postea</span> <span class='ocrx_word' id='word_1_69' title='bbox 696 1367 779 1430; x_wconf 86' lang='lat' dir='ltr'>dicta</span> <span class='ocrx_word' id='word_1_70' title='bbox 802 1370 848 1429; x_wconf 91' lang='lat' dir='ltr'>est</span> <span class='ocrx_word' id='word_1_71' title='bbox 864 1365 1001 1449; x_wconf 84' lang='lat' dir='ltr'>Solyma,</span> <span class='ocrx_word' id='word_1_72' title='bbox 1025 1372 1056 1431; x_wconf 91' lang='lat' dir='ltr'>et</span> <span class='ocrx_word' id='word_1_73' title='bbox 1077 1370 1116 1431; x_wconf 91' lang='lat' dir='ltr'>ad</span> <span class='ocrx_word' id='word_1_74' title='bbox 1132 1371 1304 1432; x_wconf 88' lang='lat' dir='ltr'>extremum</span> <span class='ocrx_word' id='word_1_75' title='bbox 1320 1368 1530 1450; x_wconf 85' lang='lat' dir='ltr'>Ierosclymae</span> 
     </span>
     <span class='ocr_line' id='line_1_10' title="bbox 221 1465 488 1546; baseline 0.011 -20"><span class='ocrx_word' id='word_1_76' title='bbox 221 1485 336 1529; x_wconf 89' lang='lat' dir='ltr'>nomen</span> <span class='ocrx_word' id='word_1_77' title='bbox 358 1465 488 1546; x_wconf 87' lang='lat' dir='ltr'>accepit.</span> 
     </span>
    </p>

    <p class='ocr_par' dir='ltr' id='par_1_5' title="bbox 172 1563 1533 2045">
     <span class='ocr_line' id='line_1_11' title="bbox 172 1563 1530 1649; baseline 0.002 -24"><span class='ocrx_word' id='word_1_78' title='bbox 172 1573 203 1626; x_wconf 87' lang='lat'>10</span> <span class='ocrx_word' id='word_1_79' title='bbox 306 1563 366 1627; x_wconf 90' lang='lat' dir='ltr'>Sur</span> <span class='ocrx_word' id='word_1_80' title='bbox 387 1564 442 1628; x_wconf 92' lang='lat' dir='ltr'>ubi</span> <span class='ocrx_word' id='word_1_81' title='bbox 463 1565 585 1628; x_wconf 91' lang='lat' dir='ltr'>inuenit</span> <span class='ocrx_word' id='word_1_82' title='bbox 606 1565 737 1649; x_wconf 84' lang='lat' dir='ltr'>angelus</span> <span class='ocrx_word' id='word_1_83' title='bbox 760 1565 907 1632; x_wconf 81' lang='lat' dir='ltr'>ancillam</span> <span class='ocrx_word' id='word_1_84' title='bbox 927 1566 1037 1630; x_wconf 85' lang='lat' dir='ltr'>Sarrae</span> <span class='ocrx_word' id='word_1_85' title='bbox 1052 1565 1141 1649; x_wconf 87' lang='lat' dir='ltr'>Agar</span> <span class='ocrx_word' id='word_1_86' title='bbox 1162 1567 1244 1630; x_wconf 89' lang='lat' dir='ltr'>iuter</span> <span class='ocrx_word' id='word_1_87' title='bbox 1259 1565 1358 1631; x_wconf 80' lang='lat' dir='ltr'>Gades</span> <span class='ocrx_word' id='word_1_88' title='bbox 1375 1572 1405 1630; x_wconf 88' lang='lat' dir='ltr'>et</span> <span class='ocrx_word' id='word_1_89' title='bbox 1419 1566 1530 1630; x_wconf 88' lang='lat' dir='ltr'>Barad.</span> 
     </span>
     <span class='ocr_line' id='line_1_12' title="bbox 224 1664 1531 1750; baseline 0 -24"><span class='ocrx_word' id='word_1_90' title='bbox 224 1665 402 1728; x_wconf 73' lang='lat' dir='ltr'>extenditur</span> <span class='ocrx_word' id='word_1_91' title='bbox 424 1668 529 1728; x_wconf 88' lang='lat' dir='ltr'>autern</span> <span class='ocrx_word' id='word_1_92' title='bbox 552 1667 709 1729; x_wconf 88' lang='lat' dir='ltr'>desertum</span> <span class='ocrx_word' id='word_1_93' title='bbox 726 1664 786 1728; x_wconf 89' lang='lat' dir='ltr'>Sur</span> <span class='ocrx_word' id='word_1_94' title='bbox 807 1688 907 1749; x_wconf 92' lang='lat' dir='ltr'>usque</span> <span class='ocrx_word' id='word_1_95' title='bbox 923 1668 962 1728; x_wconf 91' lang='lat' dir='ltr'>ad</span> <span class='ocrx_word' id='word_1_96' title='bbox 977 1688 1062 1731; x_wconf 91' lang='lat' dir='ltr'>mare</span> <span class='ocrx_word' id='word_1_97' title='bbox 1078 1666 1215 1739; x_wconf 88' lang='lat' dir='ltr'>rubrum,</span> <span class='ocrx_word' id='word_1_98' title='bbox 1239 1669 1323 1750; x_wconf 91' lang='lat' dir='ltr'>quod</span> <span class='ocrx_word' id='word_1_99' title='bbox 1339 1669 1377 1728; x_wconf 90' lang='lat' dir='ltr'>ad</span> <span class='ocrx_word' id='word_1_100' title='bbox 1391 1665 1531 1748; x_wconf 81' lang='lat' dir='ltr'>Aegypti</span> 
     </span>
     <span class='ocr_line' id='line_1_13' title="bbox 223 1763 1533 1848; baseline 0.001 -22"><span class='ocrx_word' id='word_1_101' title='bbox 223 1763 358 1826; x_wconf 88' lang='lat' dir='ltr'>confinia</span> <span class='ocrx_word' id='word_1_102' title='bbox 379 1763 531 1846; x_wconf 89' lang='lat' dir='ltr'>peruenit.</span> <span class='ocrx_word' id='word_1_103' title='bbox 574 1787 667 1848; x_wconf 89' lang='lat' dir='ltr'>porro</span> <span class='ocrx_word' id='word_1_104' title='bbox 691 1764 790 1830; x_wconf 81' lang='lat' dir='ltr'>Gades</span> <span class='ocrx_word' id='word_1_105' title='bbox 812 1765 950 1830; x_wconf 89' lang='lat' dir='ltr'>solitudo</span> <span class='ocrx_word' id='word_1_106' title='bbox 974 1772 1021 1830; x_wconf 91' lang='lat' dir='ltr'>cst</span> <span class='ocrx_word' id='word_1_107' title='bbox 1047 1787 1142 1848; x_wconf 88' lang='lat' dir='ltr'>super</span> <span class='ocrx_word' id='word_1_108' title='bbox 1168 1766 1277 1829; x_wconf 88' lang='lat' dir='ltr'>urbem</span> <span class='ocrx_word' id='word_1_109' title='bbox 1299 1763 1433 1828; x_wconf 78' lang='lat' dir='ltr'>Petram.</span> <span class='ocrx_word' id='word_1_110' title='bbox 1477 1767 1533 1828; x_wconf 91' lang='lat' dir='ltr'>sed</span> 
     </span>
     <span class='ocr_line' id='line_1_14' title="bbox 224 1862 1532 1948; baseline 0 -22"><span class='ocrx_word' id='word_1_111' title='bbox 224 1866 254 1926; x_wconf 88' lang='lat' dir='ltr'>et</span> <span class='ocrx_word' id='word_1_112' title='bbox 276 1862 432 1945; x_wconf 88' lang='lat' dir='ltr'>scriptura</span> <span class='ocrx_word' id='word_1_113' title='bbox 455 1867 611 1928; x_wconf 89' lang='lat' dir='ltr'>desertum</span> <span class='ocrx_word' id='word_1_114' title='bbox 627 1864 727 1929; x_wconf 84' lang='lat' dir='ltr'>Gades</span> <span class='ocrx_word' id='word_1_115' title='bbox 750 1869 858 1930; x_wconf 89' lang='lat' dir='ltr'>contra</span> <span class='ocrx_word' id='word_1_116' title='bbox 880 1866 992 1938; x_wconf 83' lang='lat' dir='ltr'>faciem</span> <span class='ocrx_word' id='word_1_117' title='bbox 1007 1866 1147 1948; x_wconf 79' lang='lat' dir='ltr'>Aegypti</span> <span class='ocrx_word' id='word_1_118' title='bbox 1170 1865 1294 1928; x_wconf 85' lang='lat' dir='ltr'>extendi</span> <span class='ocrx_word' id='word_1_119' title='bbox 1309 1869 1470 1943; x_wconf 89' lang='lat' dir='ltr'>memorat,</span> <span class='ocrx_word' id='word_1_120' title='bbox 1493 1867 1532 1926; x_wconf 90' lang='lat' dir='ltr'>ad</span> 
     </span>
     <span class='ocr_line' id='line_1_15' title="bbox 224 1962 1214 2045; baseline 0 -21"><span class='ocrx_word' id='word_1_121' title='bbox 224 1965 309 2045; x_wconf 91' lang='lat' dir='ltr'>quod</span> <span class='ocrx_word' id='word_1_122' title='bbox 331 1962 467 2045; x_wconf 91' lang='lat' dir='ltr'>primum</span> <span class='ocrx_word' id='word_1_123' title='bbox 489 1986 602 2027; x_wconf 90' lang='lat' dir='ltr'>uenere</span> <span class='ocrx_word' id='word_1_124' title='bbox 626 1962 762 2028; x_wconf 88' lang='lat' dir='ltr'>Hebraei</span> <span class='ocrx_word' id='word_1_125' title='bbox 784 1966 879 2030; x_wconf 90' lang='lat' dir='ltr'>rubro</span> <span class='ocrx_word' id='word_1_126' title='bbox 902 1966 981 2028; x_wconf 88' lang='lat' dir='ltr'>mari</span> <span class='ocrx_word' id='word_1_127' title='bbox 1002 1967 1214 2028; x_wconf 87' lang='lat' dir='ltr'>transuadato.</span> 
     </span>
    </p>

    <p class='ocr_par' dir='ltr' id='par_1_6' title="bbox 174 2061 1532 2246">
     <span class='ocr_line' id='line_1_16' title="bbox 174 2061 1532 2148; baseline 0.003 -26"><span class='ocrx_word' id='word_1_128' title='bbox 174 2073 205 2124; x_wconf 79' lang='lat'>15</span> <span class='ocrx_word' id='word_1_129' title='bbox 309 2061 419 2145; x_wconf 89' lang='lat' dir='ltr'>Segor,</span> <span class='ocrx_word' id='word_1_130' title='bbox 451 2083 531 2143; x_wconf 91' lang='lat' dir='ltr'>quae</span> <span class='ocrx_word' id='word_1_131' title='bbox 563 2071 593 2126; x_wconf 89' lang='lat' dir='ltr'>et</span> <span class='ocrx_word' id='word_1_132' title='bbox 614 2063 695 2127; x_wconf 89' lang='lat' dir='ltr'>Bala</span> <span class='ocrx_word' id='word_1_133' title='bbox 727 2068 757 2128; x_wconf 92' lang='lat' dir='ltr'>et</span> <span class='ocrx_word' id='word_1_134' title='bbox 779 2063 890 2142; x_wconf 89' lang='lat' dir='ltr'>Zoara,</span> <span class='ocrx_word' id='word_1_135' title='bbox 922 2087 984 2128; x_wconf 89' lang='lat' dir='ltr'>una</span> <span class='ocrx_word' id='word_1_136' title='bbox 1006 2067 1043 2128; x_wconf 89' lang='lat' dir='ltr'>de</span> <span class='ocrx_word' id='word_1_137' title='bbox 1065 2064 1206 2148; x_wconf 88' lang='lat' dir='ltr'>quinque</span> <span class='ocrx_word' id='word_1_138' title='bbox 1229 2063 1410 2127; x_wconf 86' lang='lat' dir='ltr'>ciuitatibus</span> <span class='ocrx_word' id='word_1_139' title='bbox 1434 2061 1532 2126; x_wconf 88' lang='lat' dir='ltr'>Sodo-</span> 
     </span>
     <span class='ocr_line' id='line_1_17' title="bbox 224 2161 1532 2246; baseline -0.001 -22"><span class='ocrx_word' id='word_1_140' title='bbox 224 2183 360 2240; x_wconf 86' lang='lat' dir='ltr'>morum,</span> <span class='ocrx_word' id='word_1_141' title='bbox 391 2165 431 2224; x_wconf 93' lang='lat' dir='ltr'>ad</span> <span class='ocrx_word' id='word_1_142' title='bbox 461 2183 569 2244; x_wconf 85' lang='lat' dir='ltr'>preces</span> <span class='ocrx_word' id='word_1_143' title='bbox 589 2161 650 2228; x_wconf 83' lang='lat' dir='ltr'>Lot</span> <span class='ocrx_word' id='word_1_144' title='bbox 672 2166 710 2227; x_wconf 91' lang='lat' dir='ltr'>de</span> <span class='ocrx_word' id='word_1_145' title='bbox 740 2164 885 2229; x_wconf 91' lang='lat' dir='ltr'>incendio</span> <span class='ocrx_word' id='word_1_146' title='bbox 907 2168 1078 2242; x_wconf 89' lang='lat' dir='ltr'>reseruata,</span> <span class='ocrx_word' id='word_1_147' title='bbox 1101 2186 1181 2246; x_wconf 89' lang='lat' dir='ltr'>quae</span> <span class='ocrx_word' id='word_1_148' title='bbox 1201 2185 1301 2246; x_wconf 90' lang='lat' dir='ltr'>usque</span> <span class='ocrx_word' id='word_1_149' title='bbox 1323 2183 1406 2225; x_wconf 91' lang='lat' dir='ltr'>nunc</span> <span class='ocrx_word' id='word_1_150' title='bbox 1429 2167 1532 2226; x_wconf 87' lang='lat' dir='ltr'>osten-</span> 
     </span>
    </p>
   </div>
   <div class='ocr_carea' id='block_1_3' title="bbox 223 2261 1532 2424">
    <p class='ocr_par' dir='ltr' id='par_1_7' title="bbox 223 2261 1532 2424">
     <span class='ocr_line' id='line_1_18' title="bbox 223 2261 1532 2345; baseline 0 -22"><span class='ocrx_word' id='word_1_151' title='bbox 223 2261 315 2324; x_wconf 84' lang='lat' dir='ltr'>ditur.</span> <span class='ocrx_word' id='word_1_152' title='bbox 355 2261 499 2325; x_wconf 88' lang='lat' dir='ltr'>meminit</span> <span class='ocrx_word' id='word_1_153' title='bbox 519 2263 612 2326; x_wconf 91' lang='lat' dir='ltr'>huius</span> <span class='ocrx_word' id='word_1_154' title='bbox 634 2261 745 2326; x_wconf 79' lang='lat' dir='ltr'>Esaias</span> <span class='ocrx_word' id='word_1_155' title='bbox 768 2264 800 2326; x_wconf 92' lang='lat' dir='ltr'>in</span> <span class='ocrx_word' id='word_1_156' title='bbox 822 2263 943 2328; x_wconf 86' lang='lat' dir='ltr'>uisione</span> <span class='ocrx_word' id='word_1_157' title='bbox 966 2267 1074 2327; x_wconf 87' lang='lat' dir='ltr'>contra</span> <span class='ocrx_word' id='word_1_158' title='bbox 1095 2262 1199 2327; x_wconf 91' lang='lat' dir='ltr'>Moab.</span> <span class='ocrx_word' id='word_1_159' title='bbox 1241 2266 1278 2327; x_wconf 92' lang='lat' dir='ltr'>de</span> <span class='ocrx_word' id='word_1_160' title='bbox 1301 2284 1363 2345; x_wconf 91' lang='lat' dir='ltr'>qua</span> <span class='ocrx_word' id='word_1_161' title='bbox 1386 2266 1417 2325; x_wconf 91' lang='lat' dir='ltr'>et</span> <span class='ocrx_word' id='word_1_162' title='bbox 1439 2283 1532 2344; x_wconf 87' lang='lat' dir='ltr'>supra</span> 
     </span>
     <span class='ocr_line' id='line_1_19' title="bbox 224 2359 367 2424; baseline 0 -2"><span class='ocrx_word' id='word_1_163' title='bbox 224 2359 367 2424; x_wconf 85' lang='lat' dir='ltr'>diximus.</span> 
     </span>
    </p>
   </div>
   <div class='ocr_carea' id='block_1_4' title="bbox 175 2559 1533 2746">
    <p class='ocr_par' dir='ltr' id='par_1_8' title="bbox 175 2559 1533 2746">
     <span class='ocr_line' id='line_1_20' title="bbox 309 2559 1533 2646; baseline 0 -23"><span class='ocrx_word' id='word_1_164' title='bbox 309 2559 434 2640; x_wconf 90' lang='lat' dir='ltr'>Scenae,</span> <span class='ocrx_word' id='word_1_165' title='bbox 456 2566 488 2624; x_wconf 81' lang='lat' dir='ltr'>id</span> <span class='ocrx_word' id='word_1_166' title='bbox 508 2572 549 2624; x_wconf 79' lang='lat' dir='ltr'>eal</span> <span class='ocrx_word' id='word_1_167' title='bbox 571 2567 764 2641; x_wconf 79' lang='lat' dir='ltr'>luber-nacula,</span> <span class='ocrx_word' id='word_1_168' title='bbox 786 2562 876 2628; x_wconf 90' lang='lat' dir='ltr'>locus</span> <span class='ocrx_word' id='word_1_169' title='bbox 897 2564 931 2626; x_wconf 91' lang='lat' dir='ltr'>in</span> <span class='ocrx_word' id='word_1_170' title='bbox 954 2584 1016 2646; x_wconf 90' lang='lat' dir='ltr'>quo</span> <span class='ocrx_word' id='word_1_171' title='bbox 1031 2562 1188 2626; x_wconf 88' lang='lat' dir='ltr'>habitauit</span> <span class='ocrx_word' id='word_1_172' title='bbox 1201 2562 1297 2626; x_wconf 86' lang='lat' dir='ltr'>Iacob</span> <span class='ocrx_word' id='word_1_173' title='bbox 1320 2580 1479 2644; x_wconf 79' lang='lat' dir='ltr'>regressus</span> <span class='ocrx_word' id='word_1_174' title='bbox 1495 2564 1533 2624; x_wconf 89' lang='lat' dir='ltr'>de</span> 
     </span>
     <span class='ocr_line' id='line_1_21' title="bbox 175 2660 1235 2746; baseline 0.003 -23"><span class='ocrx_word' id='word_1_175' title='bbox 175 2671 208 2725; x_wconf 75' lang='lat'>20</span> <span class='ocrx_word' id='word_1_176' title='bbox 225 2660 463 2742; x_wconf 82' lang='lat' dir='ltr'>Mesopotamia,</span> <span class='ocrx_word' id='word_1_177' title='bbox 486 2661 540 2744; x_wconf 90' lang='lat' dir='ltr'>qui</span> <span class='ocrx_word' id='word_1_178' title='bbox 562 2661 671 2744; x_wconf 89' lang='lat' dir='ltr'>lingua</span> <span class='ocrx_word' id='word_1_179' title='bbox 693 2660 850 2726; x_wconf 87' lang='lat' dir='ltr'>Hebraica</span> <span class='ocrx_word' id='word_1_180' title='bbox 871 2663 1048 2746; x_wconf 83' lang='lat' dir='ltr'>appellatur</span> <span class='ocrx_word' id='word_1_181' title='bbox 1070 2662 1235 2727; x_wconf 90' lang='lat' dir='ltr'>Socchoth.</span> 
     </span>
    </p>
   </div>
   <div class='ocr_carea' id='block_1_5' title="bbox 785 2827 1605 2893">
    <p class='ocr_par' dir='ltr' id='par_1_9' title="bbox 785 2827 1605 2893">
     <span class='ocr_line' id='line_1_22' title="bbox 785 2827 1605 2893; baseline 0.001 -3"><span class='ocrx_word' id='word_1_182' title='bbox 785 2827 833 2890; x_wconf 90' lang='lat' dir='ltr'>De</span> <span class='ocrx_word' id='word_1_183' title='bbox 856 2828 975 2893; x_wconf 81' lang='lat' dir='ltr'>Exodo.</span> <span class='ocrx_word' id='word_1_184' title='bbox 1553 2839 1605 2891; x_wconf 77' lang='lat'>150</span> 
     </span>
    </p>
   </div>
   <div class='ocr_carea' id='block_1_6' title="bbox 178 2959 1536 3324">
    <p class='ocr_par' dir='ltr' id='par_1_10' title="bbox 227 2959 1535 3144">
     <span class='ocr_line' id='line_1_23' title="bbox 310 2959 1535 3043; baseline -0.003 -18"><span class='ocrx_word' id='word_1_185' title='bbox 310 2961 473 3026; x_wconf 89' lang='lat' dir='ltr'>Socchoth.</span> <span class='ocrx_word' id='word_1_186' title='bbox 517 2961 618 3043; x_wconf 90' lang='lat' dir='ltr'>prima</span> <span class='ocrx_word' id='word_1_187' title='bbox 640 2962 760 3025; x_wconf 88' lang='lat' dir='ltr'>mansio</span> <span class='ocrx_word' id='word_1_188' title='bbox 792 2959 929 3026; x_wconf 88' lang='lat' dir='ltr'>filiorum</span> <span class='ocrx_word' id='word_1_189' title='bbox 950 2959 1047 3024; x_wconf 87' lang='lat' dir='ltr'>lsrael</span> <span class='ocrx_word' id='word_1_190' title='bbox 1073 2961 1106 3025; x_wconf 93' lang='lat' dir='ltr'>in</span> <span class='ocrx_word' id='word_1_191' title='bbox 1133 2963 1267 3038; x_wconf 84' lang='lat' dir='ltr'>deserta,</span> <span class='ocrx_word' id='word_1_192' title='bbox 1299 2964 1467 3043; x_wconf 88' lang='lat' dir='ltr'>postquam</span> <span class='ocrx_word' id='word_1_193' title='bbox 1498 2961 1535 3021; x_wconf 91' lang='lat' dir='ltr'>de</span> 
     </span>
     <span class='ocr_line' id='line_1_24' title="bbox 227 3060 1284 3144; baseline -0.001 -20"><span class='ocrx_word' id='word_1_194' title='bbox 227 3062 375 3144; x_wconf 86' lang='lat' dir='ltr'>Aegypto</span> <span class='ocrx_word' id='word_1_195' title='bbox 398 3064 473 3124; x_wconf 89' lang='lat' dir='ltr'>sunt</span> <span class='ocrx_word' id='word_1_196' title='bbox 493 3060 636 3143; x_wconf 87' lang='lat' dir='ltr'>profecti,</span> <span class='ocrx_word' id='word_1_197' title='bbox 659 3063 828 3143; x_wconf 89' lang='lat' dir='ltr'>antequam</span> <span class='ocrx_word' id='word_1_198' title='bbox 849 3083 935 3125; x_wconf 88' lang='lat' dir='ltr'>mare</span> <span class='ocrx_word' id='word_1_199' title='bbox 957 3061 1125 3124; x_wconf 90' lang='lat' dir='ltr'>transirent</span> <span class='ocrx_word' id='word_1_200' title='bbox 1146 3061 1284 3124; x_wconf 88' lang='lat' dir='ltr'>rubrum.</span> 
     </span>
    </p>

    <p class='ocr_par' dir='ltr' id='par_1_11' title="bbox 311 3158 1536 3225">
     <span class='ocr_line' id='line_1_25' title="bbox 311 3158 1536 3225; baseline -0.002 -1"><span class='ocrx_word' id='word_1_201' title='bbox 311 3159 366 3224; x_wconf 86' lang='lat' dir='ltr'>Sin</span> <span class='ocrx_word' id='word_1_202' title='bbox 389 3163 545 3225; x_wconf 84' lang='lat' dir='ltr'>desertum</span> <span class='ocrx_word' id='word_1_203' title='bbox 567 3159 650 3223; x_wconf 90' lang='lat' dir='ltr'>inter</span> <span class='ocrx_word' id='word_1_204' title='bbox 670 3181 755 3223; x_wconf 88' lang='lat' dir='ltr'>mare</span> <span class='ocrx_word' id='word_1_205' title='bbox 778 3160 907 3224; x_wconf 88' lang='lat' dir='ltr'>rubrum</span> <span class='ocrx_word' id='word_1_206' title='bbox 930 3165 961 3224; x_wconf 92' lang='lat' dir='ltr'>et</span> <span class='ocrx_word' id='word_1_207' title='bbox 982 3159 1183 3225; x_wconf 89' lang='lat' dir='ltr'>solitudinem</span> <span class='ocrx_word' id='word_1_208' title='bbox 1206 3158 1288 3222; x_wconf 89' lang='lat' dir='ltr'>Sina.</span> <span class='ocrx_word' id='word_1_209' title='bbox 1328 3181 1400 3222; x_wconf 88' lang='lat' dir='ltr'>narn</span> <span class='ocrx_word' id='word_1_210' title='bbox 1424 3161 1461 3222; x_wconf 91' lang='lat' dir='ltr'>de</span> <span class='ocrx_word' id='word_1_211' title='bbox 1484 3161 1536 3222; x_wconf 89' lang='lat' dir='ltr'>de-</span> 
     </span>
    </p>

    <p class='ocr_par' dir='ltr' id='par_1_12' title="bbox 178 3257 1536 3324">
     <span class='ocr_line' id='line_1_26' title="bbox 178 3257 1536 3324; baseline -0.001 -2"><span class='ocrx_word' id='word_1_212' title='bbox 178 3270 210 3322; x_wconf 78' lang='lat'>25</span> <span class='ocrx_word' id='word_1_213' title='bbox 229 3264 311 3324; x_wconf 92' lang='lat' dir='ltr'>serto</span> <span class='ocrx_word' id='word_1_214' title='bbox 331 3259 387 3323; x_wconf 86' lang='lat' dir='ltr'>Sin</span> <span class='ocrx_word' id='word_1_215' title='bbox 408 3259 466 3322; x_wconf 91' lang='lat' dir='ltr'>filii</span> <span class='ocrx_word' id='word_1_216' title='bbox 489 3259 585 3324; x_wconf 89' lang='lat' dir='ltr'>lsrael</span> <span class='ocrx_word' id='word_1_217' title='bbox 606 3263 760 3323; x_wconf 85' lang='lat' dir='ltr'>uenerunt</span> <span class='ocrx_word' id='word_1_218' title='bbox 781 3259 815 3323; x_wconf 92' lang='lat' dir='ltr'>in</span> <span class='ocrx_word' id='word_1_219' title='bbox 829 3258 966 3323; x_wconf 84' lang='lat' dir='ltr'>Rafidim</span> <span class='ocrx_word' id='word_1_220' title='bbox 990 3265 1020 3323; x_wconf 89' lang='lat' dir='ltr'>et</span> <span class='ocrx_word' id='word_1_221' title='bbox 1042 3259 1210 3324; x_wconf 84' lang='lat' dir='ltr'>aRafidim</span> <span class='ocrx_word' id='word_1_222' title='bbox 1233 3259 1265 3320; x_wconf 90' lang='lat' dir='ltr'>in</span> <span class='ocrx_word' id='word_1_223' title='bbox 1288 3261 1445 3322; x_wconf 87' lang='lat' dir='ltr'>desertum</span> <span class='ocrx_word' id='word_1_224' title='bbox 1461 3257 1536 3322; x_wconf 90' lang='lat' dir='ltr'>Sina</span> 
     </span>
    </p>
   </div>
   <div class='ocr_carea' id='block_1_7' title="bbox 229 3981 1539 4358">
    <p class='ocr_par' dir='ltr' id='par_1_13' title="bbox 229 3981 1539 4358">
     <span class='ocr_line' id='line_1_27' title="bbox 316 3981 1537 4056; baseline -0.002 -18"><span class='ocrx_word' id='word_1_225' title='bbox 316 3984 388 4040; x_wconf 72' lang='lat'>111.</span> <span class='ocrx_word' id='word_1_226' title='bbox 406 3985 462 4054; x_wconf 88' lang='lat' dir='ltr'>vgl.</span> <span class='ocrx_word' id='word_1_227' title='bbox 481 3984 554 4038; x_wconf 91' lang='lat' dir='ltr'>Hier.</span> <span class='ocrx_word' id='word_1_228' title='bbox 574 3985 677 4051; x_wconf 89' lang='lat' dir='ltr'>quaest.</span> <span class='ocrx_word' id='word_1_229' title='bbox 696 3981 725 4035; x_wconf 90' lang='lat' dir='ltr'>in</span> <span class='ocrx_word' id='word_1_230' title='bbox 744 3983 801 4037; x_wconf 90' lang='lat' dir='ltr'>Gen</span> <span class='ocrx_word' id='word_1_231' title='bbox 822 3985 846 4036; x_wconf 79' lang='lat' dir='ltr'>S.</span> <span class='ocrx_word' id='word_1_232' title='bbox 865 3983 906 4046; x_wconf 82' lang='lat'>26,</span> <span class='ocrx_word' id='word_1_233' title='bbox 926 3984 993 4038; x_wconf 54' lang='lat' dir='ltr'>lofe</span> <span class='ocrx_word' id='word_1_234' title='bbox 1012 3986 1209 4051; x_wconf 86' lang='lat' dir='ltr'>consequenter</span> <span class='ocrx_word' id='word_1_235' title='bbox 1226 3983 1364 4053; x_wconf 84' lang='lat' dir='ltr'>Aegyptia</span> <span class='ocrx_word' id='word_1_236' title='bbox 1381 3984 1410 4037; x_wconf 90' lang='lat' dir='ltr'>in</span> <span class='ocrx_word' id='word_1_237' title='bbox 1422 3984 1467 4037; x_wconf 88' lang='lat' dir='ltr'>uia</span> <span class='ocrx_word' id='word_1_238' title='bbox 1480 3985 1537 4056; x_wconf 83' lang='lat' dir='ltr'>Sur,</span> 
     </span>
     <span class='ocr_line' id='line_1_28' title="bbox 229 4082 1537 4156; baseline -0.003 -16"><span class='ocrx_word' id='word_1_239' title='bbox 229 4103 300 4154; x_wconf 89' lang='lat' dir='ltr'>quae</span> <span class='ocrx_word' id='word_1_240' title='bbox 318 4103 365 4156; x_wconf 88' lang='lat' dir='ltr'>per</span> <span class='ocrx_word' id='word_1_241' title='bbox 382 4086 524 4140; x_wconf 90' lang='lat' dir='ltr'>heremum</span> <span class='ocrx_word' id='word_1_242' title='bbox 541 4085 617 4138; x_wconf 90' lang='lat' dir='ltr'>ducit</span> <span class='ocrx_word' id='word_1_243' title='bbox 635 4084 671 4138; x_wconf 86' lang='lat' dir='ltr'>ad</span> <span class='ocrx_word' id='word_1_244' title='bbox 689 4088 852 4154; x_wconf 83' lang='lat' dir='ltr'>Aegyptum,</span> <span class='ocrx_word' id='word_1_245' title='bbox 879 4083 918 4138; x_wconf 89' lang='lat' dir='ltr'>ire</span> <span class='ocrx_word' id='word_1_246' title='bbox 936 4083 1086 4137; x_wconf 85' lang='lat' dir='ltr'>festinabat</span> <span class='ocrx_word' id='word_1_247' title='bbox 1173 4083 1255 4139; x_wconf 78' lang='grc'>1411.</span> <span class='ocrx_word' id='word_1_248' title='bbox 1274 4082 1329 4154; x_wconf 86' lang='lat' dir='ltr'>vgl.</span> <span class='ocrx_word' id='word_1_249' title='bbox 1349 4083 1421 4138; x_wconf 89' lang='lat' dir='ltr'>Hier.</span> <span class='ocrx_word' id='word_1_250' title='bbox 1441 4099 1537 4137; x_wconf 89' lang='lat' dir='ltr'>comm.</span> 
     </span>
     <span class='ocr_line' id='line_1_29' title="bbox 229 4183 1539 4255; baseline -0.004 -15"><span class='ocrx_word' id='word_1_251' title='bbox 229 4187 257 4240; x_wconf 89' lang='lat' dir='ltr'>in</span> <span class='ocrx_word' id='word_1_252' title='bbox 275 4187 321 4241; x_wconf 88' lang='lat' dir='ltr'>Jes</span> <span class='ocrx_word' id='word_1_253' title='bbox 334 4190 375 4248; x_wconf 82' lang='lat'>15,</span> <span class='ocrx_word' id='word_1_254' title='bbox 387 4189 415 4242; x_wconf 88' lang='lat'>5:</span> <span class='ocrx_word' id='word_1_255' title='bbox 434 4186 468 4240; x_wconf 93' lang='lat' dir='ltr'>de</span> <span class='ocrx_word' id='word_1_256' title='bbox 487 4187 539 4240; x_wconf 85' lang='lat' dir='ltr'>hac</span> <span class='ocrx_word' id='word_1_257' title='bbox 557 4187 631 4241; x_wconf 90' lang='lat' dir='ltr'>etin</span> <span class='ocrx_word' id='word_1_258' title='bbox 649 4186 727 4240; x_wconf 88' lang='lat' dir='ltr'>libris</span> <span class='ocrx_word' id='word_1_259' title='bbox 745 4185 935 4255; x_wconf 87' lang='lat' dir='ltr'>quaestionum</span> <span class='ocrx_word' id='word_1_260' title='bbox 948 4184 1145 4239; x_wconf 88' lang='lat' dir='ltr'>Hebraicarum</span> <span class='ocrx_word' id='word_1_261' title='bbox 1164 4185 1281 4239; x_wconf 84' lang='lat' dir='ltr'>diximus</span> <span class='ocrx_word' id='word_1_262' title='bbox 1294 4188 1321 4239; x_wconf 87' lang='lat' dir='ltr'>et</span> <span class='ocrx_word' id='word_1_263' title='bbox 1333 4201 1406 4238; x_wconf 90' lang='lat' dir='ltr'>nuno</span> <span class='ocrx_word' id='word_1_264' title='bbox 1418 4183 1539 4238; x_wconf 82' lang='lat' dir='ltr'>breuiter</span> 
     </span>
     <span class='ocr_line' id='line_1_30' title="bbox 230 4285 1539 4358; baseline -0.002 -18"><span class='ocrx_word' id='word_1_265' title='bbox 230 4291 401 4347; x_wconf 87' lang='lat' dir='ltr'>annotamus,</span> <span class='ocrx_word' id='word_1_266' title='bbox 421 4289 495 4356; x_wconf 89' lang='lat' dir='ltr'>quod</span> <span class='ocrx_word' id='word_1_267' title='bbox 512 4287 572 4358; x_wconf 90' lang='lat' dir='ltr'>ipsa</span> <span class='ocrx_word' id='word_1_268' title='bbox 589 4287 626 4342; x_wconf 88' lang='lat' dir='ltr'>sit</span> <span class='ocrx_word' id='word_1_269' title='bbox 643 4286 741 4356; x_wconf 87' lang='lat' dir='ltr'>quinta</span> <span class='ocrx_word' id='word_1_270' title='bbox 758 4288 822 4342; x_wconf 91' lang='lat' dir='ltr'>urbs</span> <span class='ocrx_word' id='word_1_271' title='bbox 840 4289 901 4356; x_wconf 91' lang='lat' dir='ltr'>post</span> <span class='ocrx_word' id='word_1_272' title='bbox 914 4286 1059 4340; x_wconf 85' lang='lat' dir='ltr'>Sodomam</span> <span class='ocrx_word' id='word_1_273' title='bbox 1078 4325 1152 4339; x_wconf 93' lang='grc'>.....</span> <span class='ocrx_word' id='word_1_274' title='bbox 1173 4303 1242 4355; x_wconf 85' lang='lat' dir='ltr'>quae</span> <span class='ocrx_word' id='word_1_275' title='bbox 1260 4286 1296 4338; x_wconf 88' lang='lat' dir='ltr'>ad</span> <span class='ocrx_word' id='word_1_276' title='bbox 1314 4302 1406 4356; x_wconf 87' lang='lat' dir='ltr'>preces</span> <span class='ocrx_word' id='word_1_277' title='bbox 1425 4285 1477 4339; x_wconf 92' lang='lat' dir='ltr'>Lot</span> <span class='ocrx_word' id='word_1_278' title='bbox 1494 4302 1539 4354; x_wconf 88' lang='lat' dir='ltr'>pa·</span> 
     </span>
    </p>
   </div>
   <div class='ocr_carea' id='block_1_8' title="bbox 230 4387 1539 4558">
    <p class='ocr_par' dir='ltr' id='par_1_14' title="bbox 230 4387 1539 4558">
     <span class='ocr_line' id='line_1_31' title="bbox 230 4387 1537 4459; baseline 0 -18"><span class='ocrx_word' id='word_1_279' title='bbox 230 4405 280 4442; x_wconf 89' lang='lat' dir='ltr'>rua</span> <span class='ocrx_word' id='word_1_280' title='bbox 296 4391 406 4444; x_wconf 83' lang='lat' dir='ltr'>seruata</span> <span class='ocrx_word' id='word_1_281' title='bbox 424 4390 473 4442; x_wconf 88' lang='lat' dir='ltr'>est.</span> <span class='ocrx_word' id='word_1_282' title='bbox 510 4388 719 4459; x_wconf 84' lang='lat' dir='ltr'>appellaturque</span> <span class='ocrx_word' id='word_1_283' title='bbox 737 4388 806 4441; x_wconf 87' lang='lat' dir='ltr'>Bala</span> <span class='ocrx_word' id='word_1_284' title='bbox 826 4429 831 4440; x_wconf 93' lang='lat'>.</span> <span class='ocrx_word' id='word_1_285' title='bbox 850 4429 855 4440; x_wconf 91' lang='lat'><em>.</em></span> <span class='ocrx_word' id='word_1_286' title='bbox 879 4429 884 4440; x_wconf 93' lang='lat'><em>.</em></span> <span class='ocrx_word' id='word_1_287' title='bbox 905 4430 909 4440; x_wconf 95' lang='lat'>.</span> <span class='ocrx_word' id='word_1_288' title='bbox 928 4387 988 4457; x_wconf 86' lang='lat' dir='ltr'>ipsa</span> <span class='ocrx_word' id='word_1_289' title='bbox 1004 4390 1049 4441; x_wconf 89' lang='lat' dir='ltr'>est</span> <span class='ocrx_word' id='word_1_290' title='bbox 1067 4403 1137 4455; x_wconf 86' lang='lat' dir='ltr'>quae</span> <span class='ocrx_word' id='word_1_291' title='bbox 1164 4387 1246 4440; x_wconf 86' lang='lat' dir='ltr'>hodie</span> <span class='ocrx_word' id='word_1_292' title='bbox 1264 4387 1331 4454; x_wconf 76' lang='lat' dir='ltr'>Syro</span> <span class='ocrx_word' id='word_1_293' title='bbox 1351 4403 1474 4441; x_wconf 89' lang='lat' dir='ltr'>sermone</span> <span class='ocrx_word' id='word_1_294' title='bbox 1492 4403 1537 4441; x_wconf 92' lang='lat' dir='ltr'>uo·</span> 
     </span>
     <span class='ocr_line' id='line_1_32' title="bbox 231 4487 1539 4558; baseline -0.001 -15"><span class='ocrx_word' id='word_1_295' title='bbox 231 4491 310 4544; x_wconf 91' lang='lat' dir='ltr'>catur</span> <span class='ocrx_word' id='word_1_296' title='bbox 327 4491 420 4554; x_wconf 84' lang='lat' dir='ltr'>Zoora,</span> <span class='ocrx_word' id='word_1_297' title='bbox 438 4489 563 4544; x_wconf 88' lang='lat' dir='ltr'>Hebraeo</span> <span class='ocrx_word' id='word_1_298' title='bbox 584 4491 669 4558; x_wconf 85' lang='lat' dir='ltr'>Segor</span> <span class='ocrx_word' id='word_1_299' title='bbox 686 4493 746 4555; x_wconf 80' lang='lat' dir='ltr'>etc,</span> <span class='ocrx_word' id='word_1_300' title='bbox 764 4507 790 4543; x_wconf 90' lang='lat' dir='ltr'>u.</span> <span class='ocrx_word' id='word_1_301' title='bbox 808 4495 832 4542; x_wconf 80' lang='lat' dir='ltr'>d.</span> <span class='ocrx_word' id='word_1_302' title='bbox 887 4489 923 4542; x_wconf 79' lang='lat'>15</span> <span class='ocrx_word' id='word_1_303' title='bbox 943 4488 1001 4541; x_wconf 90' lang='lat' dir='ltr'>Gen</span> <span class='ocrx_word' id='word_1_304' title='bbox 1020 4491 1059 4552; x_wconf 87' lang='grc'>14,</span> <span class='ocrx_word' id='word_1_305' title='bbox 1078 4490 1101 4542; x_wconf 80' lang='grc'>2.</span> <span class='ocrx_word' id='word_1_306' title='bbox 1120 4489 1137 4542; x_wconf 87' lang='lat'>8</span> <span class='ocrx_word' id='word_1_307' title='bbox 1200 4489 1234 4542; x_wconf 78' lang='lat'>17</span> <span class='ocrx_word' id='word_1_308' title='bbox 1256 4487 1280 4540; x_wconf 87' lang='lat' dir='ltr'>S.</span> <span class='ocrx_word' id='word_1_309' title='bbox 1299 4491 1341 4552; x_wconf 83' lang='lat'>42,</span> <span class='ocrx_word' id='word_1_310' title='bbox 1360 4488 1421 4550; x_wconf 81' lang='lat' dir='ltr'>rff.;</span> <span class='ocrx_word' id='word_1_311' title='bbox 1439 4490 1479 4552; x_wconf 73' lang='lat'>94,</span> <span class='ocrx_word' id='word_1_312' title='bbox 1501 4487 1539 4542; x_wconf 85' lang='lat' dir='ltr'>ll.</span> 
     </span>
    </p>
   </div>
   <div class='ocr_carea' id='block_1_9' title="bbox 317 4662 1425 4733">
    <p class='ocr_par' dir='ltr' id='par_1_15' title="bbox 317 4662 1425 4733">
     <span class='ocr_line' id='line_1_33' title="bbox 317 4662 1425 4733; baseline -0.006 -12"><span class='ocrx_word' id='word_1_313' title='bbox 317 4665 557 4721; x_wconf 89' lang='lat' dir='ltr'>8Melchisedech</span> <span class='ocrx_word' id='word_1_314' title='bbox 574 4665 658 4720; x_wconf 74' lang='grc' dir='ltr'>ΑΘΗ</span> <span class='ocrx_word' id='word_1_315' title='bbox 720 4663 930 4733; x_wconf 72' lang='lat' dir='ltr'>{Hierosolyma</span> <span class='ocrx_word' id='word_1_316' title='bbox 947 4664 1028 4731; x_wconf 55' lang='lat' dir='ltr'>(GH</span> <span class='ocrx_word' id='word_1_317' title='bbox 1041 4665 1118 4723; x_wconf 82' lang='lat'>&lt;0</span> <span class='ocrx_word' id='word_1_318' title='bbox 1185 4663 1223 4719; x_wconf 75' lang='lat'>‘25</span> <span class='ocrx_word' id='word_1_319' title='bbox 1242 4663 1315 4732; x_wconf 86' lang='lat' dir='ltr'>Sina]</span> <span class='ocrx_word' id='word_1_320' title='bbox 1334 4662 1382 4716; x_wconf 85' lang='lat' dir='ltr'>Sin</span> <span class='ocrx_word' id='word_1_321' title='bbox 1400 4664 1425 4715; x_wconf 83' lang='grc' dir='ltr'><strong><em>Α</em></strong></span> 
     </span>
    </p>
   </div>
   <div class='ocr_carea' id='block_1_10' title="bbox 0 0 1901 5540">
    <p class='ocr_par' dir='ltr' id='par_1_16' title="bbox 0 0 1901 5540">
     <span class='ocr_line' id='line_1_34' title="bbox 0 0 1901 5540; baseline 0 0"><span class='ocrx_word' id='word_1_322' title='bbox 0 0 1901 5540; x_wconf 95' lang='lat' dir='ltr'> </span> 
     </span>
    </p>
   </div>
  </div>
 </body>
</html>
