3780 5536
803 507 994 578 Hieronymus.

37 819 40 824 ·
153 809 236 866 ΑΘΗ
739 791 788 856 De
809 792 1064 860 Deuteronomio

328 937 444 1004 Thafel
474 939 563 1004 locus
593 940 627 1004 in
657 944 780 1006 deserto
810 947 896 1007 trans
917 941 1092 1020 Iordanem,
1123 944 1157 1009 in
1184 967 1246 1029 quc
1278 946 1557 1012 Deuteronomiurn

245 1039 357 1103 scribit
377 1040 512 1121 Moyses,
535 1045 643 1105 contra
664 1040 794 1106 iericho

329 1137 451 1204 Thaath
475 1145 577 1204 eastra
598 1140 737 1206 filiorum
758 1141 863 1208 lsrael.

212 1259 228 1311 5
330 1237 435 1302 Thera
457 1242 559 1302 castra
580 1238 719 1304 filiorum
741 1240 846 1307 Israel.

715 1490 763 1555 De
785 1491 867 1556 libro
890 1491 961 1557 lesu
984 1492 1085 1558 Neue.

326 1637 441 1702 Theffu
475 1639 508 1702 in
539 1639 624 1704 tribu
644 1639 741 1706 Iudae
772 1643 882 1706 ciuitas
914 1664 1010 1726 quam
1032 1644 1225 1726 expugnauit
1245 1642 1344 1723 Iesus,
1375 1664 1449 1727 rege
1471 1643 1556 1708 illius

244 1738 419 1802 interfecto.
464 1741 599 1803 diximus
631 1745 662 1805 et
692 1764 788 1825 supra
818 1745 856 1806 de
886 1743 1020 1806 termine
1047 1742 1244 1807 Palaestinae
1275 1749 1306 1806 et
1331 1744 1472 1826 Aegypti
1501 1746 1556 1828 qui

245 1837 465 1921 appellabatur
485 1838 630 1904 Bethafu.

195 1960 228 2012 10
328 1937 474 2002 Thaenae
497 1941 608 2003 ciuitas
631 1963 726 2024 quem
749 1941 943 2023 expugnauit
963 1940 1059 2020 Iesus,
1081 1961 1154 2024 rege
1174 1941 1273 2022 ipsius
1294 1943 1468 2008 interfecte.
1496 1943 1556 2007 fuit

246 2041 350 2100 autem
381 2039 415 2101 in
444 2038 529 2102 tribu
551 2039 697 2104 Manasse
728 2044 870 2122 separata
891 2039 1023 2118 haustis,
1055 2044 1086 2105 et
1116 2062 1200 2104 nune
1229 2041 1263 2104 in
1285 2047 1396 2124 quarto
1419 2042 1554 2106 miliario

246 2137 355 2220 oppidi
376 2135 524 2220 Legionis
546 2139 607 2202 hoc
629 2139 756 2203 nomine
779 2139 866 2202 uicus
889 2141 1072 2206 ostenditur.

245 2239 247 2244 ’
327 2235 470 2300 Thenath
492 2238 526 2300 in
546 2238 632 2301 tribu
648 2238 738 2303 losef.
774 2240 930 2322 hodieque
946 2243 993 2304 est
1014 2239 1090 2303 uilla
1105 2238 1213 2303 Thena
1234 2239 1266 2302 in
1282 2239 1404 2304 decimo
1420 2239 1554 2304 miliario

245 2335 441 2419 Neaspolees
464 2341 573 2402 eontra
594 2339 746 2402 orientem
769 2339 1031 2403 descendentibus
1053 2337 1227 2402 Iordanem.

195 2457 227 2510 15
327 2435 460 2500 Thaffue
482 2437 515 2500 in
536 2437 621 2500 tribu
643 2437 734 2502 lesef.

326 2534 476 2599 Thaffuth
499 2537 532 2600 in
553 2537 638 2601 tribu
660 2537 814 2603 Manasse.

326 2633 430 2700 Theco
453 2658 553 2719 usque
576 2638 668 2702 hodie
690 2637 778 2701 iuxta
800 2640 957 2702 desertum
980 2638 1117 2702 ciuitatis
1133 2636 1242 2701 Aeliae
1262 2637 1350 2700 uicus
1370 2637 1553 2701 ostenditur.

241 2737 325 2799 unde
348 2739 379 2799 et
400 2737 498 2799 Amos
521 2737 643 2818 profeta
665 2736 734 2802 fuit
849 2810 851 2824 1

324 2833 451 2898 Tharsa.
496 2837 629 2899 ethaeo
651 2856 818 2919 cumrege
841 2859 897 2900 sue
920 2837 1004 2919 cepit
1027 2835 1122 2900 lesus.

191 3044 225 3099 20
324 3031 479 3096 Therama
500 3035 533 3097 in
555 3034 640 3098 tribu
662 3035 835 3100 Beniamin.

323 3130 446 3196 Thelad
467 3135 501 3198 in
522 3136 607 3198 tribu
629 3134 725 3198 ledae
748 3136 813 3198 siue
837 3134 1010 3216 Symeonia

324 3231 451 3296 Thabor
480 3235 631 3297 terminus
653 3233 802 3298 Zabulon.
846 3239 893 3297 est
923 3239 1027 3298 autem
1057 3256 1147 3297 mens
1177 3236 1210 3298 in
1237 3234 1340 3298 medio
1362 3232 1371 3314 ll
1393 3232 1550 3298 Galilaeae
1568 3242 1616 3294 157

241 3353 360 3414 campo,
381 3333 461 3396 mira
481 3333 682 3411 rotunditate,
708 3334 860 3410 sublimis,
884 3335 1003 3398 distans
1025 3356 1043 3394 a
1065 3333 1271 3397 Diocaesarea
1293 3336 1401 3396 decem
1422 3332 1550 3398 milibus

242 3437 350 3496 contra
372 3433 556 3496 orientalem
577 3432 716 3516 plagam,
747 3434 801 3516 qui
823 3433 993 3497 confinium
1016 3453 1142 3515 queque
1164 3432 1246 3495 inter
1267 3433 1385 3495 tribum
1407 3431 1551 3496 Issachar

190 3541 222 3595 25
242 3535 273 3594 ct
294 3529 470 3595 Nefthalim
493 3533 562 3596 fuit.

324 3629 466 3694 Thalcha
487 3633 519 3695 in
542 3634 627 3695 trihu
643 3631 816 3713 Symeonis.
853 3655 936 3696 nune
957 3633 1047 3697 uicus
1070 3631 1196 3716 grandis
1216 3629 1403 3694 ludaeorum
1419 3636 1551 3694 uocatur

240 3729 352 3795 Thella
374 3734 465 3813 quasi
487 3733 520 3795 in
542 3737 630 3796 sexto
653 3735 774 3796 decimo
795 3732 931 3796 miliario
947 3730 1227 3812 Eleutheropolees
1251 3736 1359 3793 eontra
1381 3730 1549 3794 australem

238 3830 373 3914 plagam.

325 4012 396 4068 171.
414 4011 470 4082 vgl.
489 4012 562 4067 Hier.
581 4029 678 4067 comm.
696 4012 726 4065 in
743 4012 828 4065 Amos
846 4013 942 4081 prael:
971 4012 1004 4067 de
1022 4011 1123 4081 oppido
1141 4011 1261 4076 Theaua,
1281 4009 1355 4078 quod
1373 4027 1419 4065 sex
1439 4009 1550 4064 milibus

238 4114 274 4168 ad
291 4113 471 4167 meridianam
489 4114 601 4184 plagam
620 4115 699 4169 abest
717 4132 734 4167 a
751 4116 848 4166 saneta
865 4113 1007 4166 Bethleem
1026 4153 1031 4166 .
1051 4155 1057 4166 .
1077 4154 1083 4167 .
1102 4152 1108 4164 .
1128 4113 1155 4166 et
1172 4111 1246 4165 ultra
1265 4111 1357 4164 nullus
1376 4113 1418 4165 est
1435 4110 1549 4174 uiculus,

237 4233 273 4270 ne
291 4219 413 4284 agrestes
432 4214 542 4283 quidem
561 4233 642 4270 casae
660 4259 666 4271 .
686 4258 692 4269 .
713 4257 718 4268 .
737 4256 744 4268 .
762 4217 842 4268 tante
863 4218 904 4268 est
922 4212 1006 4268 eremi
1024 4214 1148 4278 caethea,
1167 4230 1237 4280 quae
1254 4229 1340 4280 usque
1358 4213 1394 4266 ad
1412 4229 1487 4266 mare
1505 4231 1548 4266 ru-

238 4317 317 4370 brum
335 4318 535 4384 Persarumque
554 4319 581 4370 et
601 4316 768 4386 Aethiopum
787 4319 869 4384 atque
887 4316 1018 4370 Indorum
1036 4313 1168 4368 terminos
1188 4311 1320 4367 dilatatur
1391 4314 1473 4368 aar.
1492 4312 1547 4381 vgl.

238 4419 263 4471 S.
283 4421 339 4481 111,
358 4419 423 4474 20ff.

322 4569 525 4634 asserjffrhaffu
547 4569 712 4623 OBethaffu
730 4569 762 4622 H
836 4568 873 4622 14
892 4565 1129 4634 descendentibus]
1148 4573 1180 4630 -l-
1198 4565 1227 4617 in
1249 4565 1272 4618 0
1348 4564 1382 4618 17
1405 4564 1501 4618 ciuitas
1520 4563 1553 4617 H

238 4673 276 4726 26
294 4671 412 4739 Symeon
434 4671 506 4738 affl)
577 4672 614 4726 27
635 4670 796 4726 orientalem
815 4669 867 4722 AB
1294 4752 1330 4803 7*
