3700 5518
784 524 975 594 Hieronymus.
1514 535 1532 594 5

156 703 210 758 ΑΟ
224 693 368 758 meminit
393 693 506 760 borum
532 693 688 759 montium
716 697 748 759 et
771 691 920 759 Ieremias
948 690 960 776 ΙΙ
983 693 1017 758 in
1042 691 1164 758 uisione
1191 697 1300 759 contra
1325 693 1531 778 Babylonem.
1550 703 1585 760 83

222 790 347 858 lessius
380 813 508 877 quoque
542 793 576 856 in
605 793 707 877 primo
734 793 960 878 antiquitatum
982 791 1186 858 Judaicsrum
1213 791 1295 858 libro
1325 793 1533 860 amcalsrinm

221 891 398 958 litterarum
424 891 591 958 historicos
612 893 774 977 proferens
799 893 1086 958 »animaduertense
1111 892 1216 976 inquit
1236 890 1307 958 Noe
1332 897 1465 958 »terrm
1486 894 1532 958 di·

221 991 311 1058 luuio
337 991 502 1058 liberatam
529 997 649 1077 septem
675 991 755 1059 alios
782 992 847 1058 dies
874 993 960 1058 abire
981 991 1137 1075 permisit,
1164 995 1195 1056 et
1216 992 1364 1058 uniuersa
1384 991 1533 1058 animatia

189 1105 205 1156 5
222 1089 403 1176 bestiasque
424 1092 605 1175 patentibus
627 1091 772 1158 cleastris
794 1091 939 1158 emittens
961 1091 1028 1175 ipse
1051 1111 1122 1156 oum
1144 1113 1201 1156 sna
1215 1091 1303 1176 prole
1318 1110 1461 1178 egressus
1477 1099 1532 1168 est,

223 1190 391 1258 immolans
422 1194 481 1257 deo
513 1193 631 1258 hostias
662 1194 866 1277 gaudensque
896 1211 967 1256 cum
997 1189 1112 1256 liberis.
1155 1189 1240 1256 huno
1261 1189 1366 1256 locum
1387 1191 1532 1256 Armenii

223 1291 344 1356 exitum
373 1288 426 1356 uel
456 1309 617 1377 egressum
646 1296 774 1370 uocant;
804 1291 958 1376 siquidem
990 1290 1035 1355 ibi
1061 1289 1198 1356 caltores
1219 1289 1345 1356 illarum
1366 1289 1532 1376 regionum

221 1411 327 1455 arcam
348 1391 486 1474 primum
507 1391 625 1457 sedisse
646 1395 802 1458 testantur
823 1394 855 1456 et
875 1389 1035 1475 lignorum
1062 1391 1216 1476 quaedam
1238 1411 1400 1474 superesse
1421 1411 1532 1456 monu-

221 1493 338 1555 ments.
384 1511 475 1556 arces
500 1489 594 1556 huius
620 1495 652 1556 et
677 1490 790 1556 diluuii
816 1512 925 1557 omnes
951 1491 1007 1574 qui
1032 1491 1180 1556 barbaras
1206 1489 1358 1572 scripsere
1384 1489 1532 1554 historias

171 1601 205 1654 10
221 1591 434 1670 recordentur,
456 1611 591 1675 quorum
612 1594 660 1656 est
680 1613 762 1656 unus
784 1591 921 1658 Berosus
944 1588 1128 1668 Chaldaeus,
1150 1589 1205 1673 qui
1227 1611 1321 1674 super
1341 1587 1462 1653 diluuio
1484 1610 1531 1653 re·

221 1687 326 1754 ferens
347 1689 424 1754 beec
445 1687 570 1756 locutus
592 1695 652 1758 est:
674 1689 789 1756 dicitur
809 1691 903 1756 buius
924 1689 1015 1756 nauis
1037 1687 1070 1752 in
1084 1689 1236 1754 Armenia
1249 1693 1377 1773 propter
1390 1691 1530 1754 montem

221 1786 457 1854 carduenorum
472 1811 544 1873 pars
559 1789 666 1874 aliqua
680 1811 869 1873 permanere,
884 1793 917 1854 st
930 1790 1085 1873 quosdam
1100 1788 1241 1853 bitumen
1257 1809 1295 1852 er
1309 1809 1346 1852 ea
1359 1785 1531 1852 auellentes

220 1887 436 1954 circumferre:
468 1909 532 1973 quo
557 1893 690 1954 utuntur
710 1887 763 1954 uel
783 1890 919 1954 maxime
940 1889 974 1952 bi
995 1888 1051 1971 qui
1071 1886 1245 1952 lustrentur
1270 1891 1302 1951 et
1331 1907 1364 1952 se
1394 1885 1530 1969 expiant.

221 1991 278 2054 sed
308 1991 339 2052 et
360 1985 574 2072 Hieronymus
594 1987 787 2073 Aegyptius,
817 1989 873 2073 qui
894 1987 1100 2071 antiqnitates
1122 1985 1291 2052 Foenicam
1313 1985 1445 2070 pulchro
1467 2007 1529 2051 ser·

172 2097 204 2152 15
220 2109 316 2153 mone
347 2087 544 2172 conscripsit,
573 2092 605 2154 et
626 2087 784 2168 Mnaseas,
815 2093 847 2153 et
874 2087 967 2153 multi
988 2086 1051 2152 alii.
1093 2083 1246 2151 Nicoleus
1268 2106 1396 2170 quoque
1417 2083 1530 2152 Dama·

221 2209 335 2254 scenas
356 2187 390 2252 in
410 2188 615 2272 nonagesimo
636 2191 725 2252 sexto
739 2186 822 2253 libro
837 2187 943 2255 refert:
965 2187 1061 2252 estin
1076 2185 1227 2252 Armenia
1240 2207 1335 2268 super
1349 2185 1530 2270 Minyadem

221 2309 313 2352 mons
343 2287 471 2353 nomine
493 2287 597 2366 Beris,
627 2290 667 2352 ad
697 2309 791 2372 quem
817 2285 934 2354 multos
956 2287 988 2350 in
1011 2285 1132 2352 diluuio
1154 2285 1335 2368 confugisse
1357 2289 1530 2362 autument,

220 2386 331 2470 ibique
361 2407 429 2452 esse
458 2385 610 2464 salsatos,
639 2386 719 2452 alios
749 2409 825 2453 uero
854 2389 888 2451 ia
918 2407 1008 2452 arcae
1029 2385 1121 2451 alueo
1143 2387 1381 2468 supernatantes
1401 2385 1441 2448 sd
1463 2383 1530 2448 eius

221 2484 374 2550 uerticem
403 2486 592 2569 peruenisse,
622 2491 654 2552 et
683 2509 782 2572 usque
804 2488 844 2551 ad
865 2485 982 2552 multas
1004 2489 1121 2550 aetates
1142 2484 1230 2570 ligna
1251 2505 1340 2550 arcae
1363 2483 1530 2547 monstrari

169 2593 204 2648 20
220 2582 330 2652 solita:
351 2606 430 2669 quos
452 2585 580 2670 quidem
602 2604 662 2670 ego
683 2590 760 2670 puto
783 2606 846 2652 uon
862 2607 929 2652 esse
944 2585 1024 2650 alios
1037 2585 1099 2650 nisi
1114 2605 1166 2650 eos
1181 2605 1261 2668 quos
1275 2583 1402 2668 Moyses
1416 2581 1529 2666 legifer

221 2681 409 2750 Iudaeorum
431 2683 465 2750 in
486 2685 551 2752 suis
572 2683 786 2751 uoluminibus
808 2685 936 2750 edidit«.

302 3181 413 3246 Acbad
442 3184 518 3248 urbs
548 3183 635 3268 regni
657 3181 798 3248 Nemrod
827 3183 861 3246 in
882 3179 1055 3266 Babylone.
1091 3205 1184 3264 porro
1206 3185 1331 3248 Hebraei
1358 3186 1436 3248 hana
1464 3205 1526 3248 ease

216 3285 321 3346 dabant
340 3285 570 3362 Mesopotamiae
590 3287 740 3348 ciuitatem
761 3305 835 3366 quac
855 3286 941 3346 bodie
961 3291 1086 3346 uocatur
1106 3287 1221 3360 Ntsttt,
1243 3305 1262 3346 a
1282 3286 1407 3348 nouo
1430 3304 1525 3364 quon·

216 3385 288 3444 dam
309 3383 446 3444 &mano
459 3385 578 3446 consule
599 3385 748 3448 obsessam
768 3393 951 3464 wpwmque,
973 3390 1086 3445 etanta
1101 3405 1217 3464 ponam
1237 3405 1335 3446 annos
1355 3405 1374 3445 a
1395 3385 1526 3446 Iouiaao

164 3497 198 3552 25
217 3486 391 3562 imperatore
412 3485 515 3546 Persis
536 3485 682 3546 cattam.

302 3579 409 3665 Aggai
429 3581 469 3643 ad
491 3579 716 3646 occidentalem
737 3579 865 3666 plagam
888 3581 992 3666 uergit
1013 3579 1163 3660 Betbslis,
1184 3601 1248 3646 non
1269 3579 1405 3646 multum
1427 3581 1466 3645 ab
1488 3601 1525 3644 ea

214 3677 346 3744 distans.
388 3679 450 3744 sita
479 3684 526 3744 est
555 3685 659 3744 autem
682 3678 795 3746 Bethel
827 3681 973 3748 euntibus
995 3680 1119 3746 Aeliam
1149 3681 1188 3744 de
1210 3677 1346 3764 Neapoli
1375 3679 1408 3744 ia
1434 3679 1525 3744 laeua

304 4499 463 4569 221.ng.
482 4497 555 4555 Hier.
573 4503 677 4568 quaest.
695 4499 725 4554 in
742 4499 802 4556 Gen
820 4501 845 4556 S.
859 4501 899 4568 16,
918 4503 962 4554 17:
989 4501 1098 4570 Acbari,
1125 4518 1196 4572 quse
1213 4519 1287 4558 nunc
1303 4505 1403 4559 dicitur
1420 4503 1523 4559 Nisibis

303 4683 323 4740 ⁸
340 4683 487 4739 historicus
505 4685 529 4736 Α
547 4683 685 4740 historicis
707 4683 730 4740 O
795 4685 835 4742 22
854 4685 946 4741 Anbar
957 4689 982 4740 A
999 4687 1103 4742 Arabat
1119 4685 1146 4740 B
1161 4689 1252 4742 doeth
1274 4687 1298 4744 0
