3752 5542
738 493 928 564 Hieronymus.

108 671 165 727 ΑΟ
262 678 361 743 Aelus
380 679 414 744 in
436 681 567 757 deserto,
589 679 645 743 ubi
666 677 725 744 filii
746 677 844 744 Israel
866 685 969 745 eastra
989 679 1099 745 metati
1121 683 1202 744 sunt.

556 960 606 1026 De
627 959 776 1028 Numeris
798 967 830 1027 et
850 959 1107 1027 Deuteronomio.

259 1111 396 1176 Aseroth
425 1133 498 1194 pars
529 1111 659 1192 heremi,
688 1113 743 1177 ubi
770 1112 870 1176 Maria
901 1118 933 1177 et
952 1113 1061 1186 Aaron
1092 1115 1202 1177 eontra
1224 1110 1357 1194 Moysen
1387 1111 1489 1177 locuti

176 1217 257 1275 sunt.
300 1211 524 1276 habitauerunt
546 1217 651 1277 autem
678 1216 837 1297 quondam
858 1211 958 1277 Euaei
979 1211 1012 1276 in
1033 1211 1170 1276 Aseroth
1191 1232 1292 1294 usque
1314 1214 1355 1275 ad
1376 1214 1487 1278 urbem

142 1313 158 1366 5
177 1309 299 1375 Gazam.
336 1333 445 1376 ererum
466 1315 535 1377 haee
555 1317 618 1378 loeo
638 1335 701 1376 aea
715 1316 848 1390 Asbora,
870 1316 921 1375 sed
935 1317 1053 1376 aserim
1074 1315 1217 1392 appellare
1230 1315 1356 1376 Hebraei
1363 1323 1483 1394 putaret.

257 1410 418 1475 Asemona
440 1416 542 1476 eastra
563 1411 700 1476 filiorum
722 1410 819 1476 lsrael
841 1411 873 1475 in
896 1413 1027 1476 deserto.

255 1610 426 1688 Aetherim,
448 1631 505 1694 pro
528 1631 591 1694 quo
614 1610 731 1695 Aquila
753 1615 784 1674 et
800 1609 1007 1694 Symmachus
1030 1611 1264 1695 exploratorum
1286 1611 1371 1674 uiam
1392 1609 1484 1674 inter

173 1709 289 1792 pretati
319 1714 405 1787 sunt,
434 1709 491 1774 ubi
520 1713 685 1776 aduersum
708 1710 942 1788 Obananaeum,
973 1709 1029 1793 qui
1059 1710 1098 1773 ab
1125 1714 1232 1774 austro
1255 1715 1363 1774 eontra
1384 1707 1483 1776 Israel

174 1814 326 1892 eruperat,
349 1809 382 1874 iu
405 1808 576 1876 solitudine
599 1809 774 1875 dimicatur.

123 1917 157 1972 10
263 1907 346 1990 !Aie
369 1931 449 1993 quae
471 1913 502 1973 et
516 1909 681 1994 thalgai.
717 1932 774 1992 pro
796 1909 855 1973 hae
870 1908 1075 1987 Symmachus
1097 1909 1320 1990 interpretatur
1341 1906 1374 1971 in
1396 1907 1484 1973 oolli·
1501 1923 1535 1978 86

173 2008 240 2073 bus.
284 2014 331 2072 est
352 2013 457 2073 autem
479 2033 495 2072 e
517 2011 646 2093 regione
669 2012 829 2094 quondam
850 2007 955 2089 Moab,
978 2031 1062 2073 nuno
1083 2005 1290 2089 theopoleos,
1321 2009 1361 2070 ad
1383 2009 1484 2073 orien-

173 2107 270 2172 talem
291 2107 427 2192 plagam.

255 2208 366 2271 Arnon
387 2227 481 2288 rupes
505 2210 660 2291 quaedam
681 2207 714 2272 in
736 2208 871 2273 sublime
892 2207 1033 2291 proiecta
1053 2209 1086 2272 in
1105 2205 1220 2270 finibus
1237 2207 1483 2271 Amorraeorum

170 2305 252 2370 inter
272 2305 369 2370 Moab
400 2309 431 2369 et
453 2306 651 2372 Amorraeos.
682 2307 778 2373 Moab
799 2329 875 2372 uero
902 2306 1039 2371 Arabiae
1070 2305 1180 2370 ciuitas
1209 2309 1256 2369 est
1287 2326 1367 2388 quae
1399 2327 1483 2371 nune

119 2412 152 2465 15
170 2404 338 2488 Areopolis
360 2405 546 2489 appellatur.
590 2411 761 2473 ostendunt
791 2407 929 2491 regionis
951 2406 1037 2471 illius
1060 2403 1185 2471 aeoolae
1205 2403 1312 2468 looum
1333 2403 1427 2468 uallis
1448 2405 1482 2470 in

169 2511 337 2587 praerupta
368 2508 528 2570 demersae
558 2507 634 2572 satis
665 2507 849 2572 horribilem
880 2511 911 2571 et
939 2506 1164 2590 periculosum,
1194 2505 1249 2588 qui
1280 2503 1481 2588 aplerisque
1584 2525 1587 2533 ’

169 2625 269 2689 usque
292 2625 376 2682 nuno
389 2605 537 2670 Arnonas
558 2605 735 2690 appellatur
757 2608 997 2690 extenditurque
1019 2608 1059 2669 ad
1081 2603 1325 2688 septentrionem
1339 2604 1480 2686 Areopo-

169 2702 243 2768 leos.
287 2705 319 2768 in
352 2725 415 2788 quo
447 2709 478 2770 et
506 2704 644 2770 militum
675 2728 713 2770 ex
743 2706 829 2770 omni
857 2711 946 2790 parte
976 2703 1133 2789 praesidia
1160 2701 1333 2786 distributa
1349 2701 1479 2784 plenum

170 2805 332 2889 sanguinis
355 2809 387 2870 et
407 2803 586 2870 formidinis
612 2809 767 2871 testantur
786 2807 972 2890 ingressum.
1013 2804 1066 2869 hio
1088 2803 1246 2888 quondam
1269 2799 1479 2866 Moabitarum

119 2915 154 2968 20
172 2903 244 2981 luit,
271 2909 303 2968 et
327 2909 436 2987 postea
458 2903 540 2970 Seon
567 2927 622 2970 rex
642 2908 887 2970 Amorraeorum
908 2906 976 2970 iure
992 2901 1070 2968 belli
1091 2925 1163 2967 eum
1185 2899 1329 2967 obtinuit.
1372 2903 1427 2964 sed
1448 2907 1479 2966 et

170 3007 253 3068 terra
283 3003 421 3069 filiorum
451 3004 549 3070 Israel
578 3010 665 3070 trans
695 3003 860 3070 Iordanem
889 3004 1043 3086 insipiens
1075 3004 1114 3066 ab
1146 3001 1276 3066 Arnone
1307 3021 1406 3084 usque
1438 3004 1478 3065 ad

167 3089 289 3168 montes
311 3105 451 3168 Aermon
474 3109 505 3168 et
526 3103 681 3169 Libanum
704 3104 889 3168 extenditur.

248 3204 295 3267 Ar
319 3202 408 3268 loeus
433 3202 486 3268 uel
512 3203 664 3286 oppidum
690 3205 840 3283 arnonis,
867 3205 953 3287 quod
979 3227 997 3266 a
1019 3201 1227 3286 Septuaginta
1252 3199 1477 3282 interpretibus

161 3323 217 3382 per
237 3313 385 3366 arearum
405 3308 538 3369 uoasbm
558 3301 604 3368 Er
625 3302 747 3368 dieitur.

116 3412 149 3466 25
249 3401 401 3466 Aesimon
432 3401 522 3466 loeus
557 3403 679 3468 deserti.
732 3402 866 3488 denique
902 3407 933 3467 et
963 3403 1067 3486 ipsum
1102 3401 1293 3467 uocabulum
1324 3397 1476 3465 incultam

167 3502 283 3564 terrem
306 3505 523 3586 desertamque
545 3503 710 3586 signifieat.

249 3599 440 3667 Abelsattim
461 3601 550 3667 loeus
572 3603 604 3667 in
627 3605 750 3668 deserto
773 3606 812 3667 ad
834 3603 998 3669 meridiem
1020 3601 1242 3668 Moabitarum.

251 4274 599 4345 isengrinorum
618 4277 657 4338 16,
676 4279 705 4332 2:
732 4280 835 4333 Arnon.
855 4317 860 4330 .
879 4319 885 4332 .
903 4279 951 4346 qni
980 4282 1022 4334 est
1043 4279 1175 4334 terminus
1194 4280 1425 4337 Amorrhaeorum
1446 4284 1475 4337 et

165 4375 351 4431 Moabitarum

249 4560 379 4616 dantem
402 4561 443 4616 Va
465 4570 498 4622 <
522 4562 575 4617 Ao
659 4563 697 4618 le
715 4567 840 4635 porrecta
864 4563 904 4617 Va
991 4565 1029 4621 le
1047 4566 1185 4621 testantur
1212 4564 1254 4619 Va
1277 4566 1472 4622 ostenditnrA

163 4661 333 4732 temptantur
355 4662 378 4718 0
443 4662 480 4719 27
500 4663 652 4734 meridiem]
670 4663 864 4720 oooidentem'l
888 4665 1012 4720 Vallurer'
