3780 5536
781 499 972 566 Hieronymus,
1479 509 1536 570 129

121 669 204 750 AOl}
307 664 446 730 Massefa
461 666 492 730 in
508 667 593 730 tribu
608 665 712 745 Iudae,
735 671 817 750 apud
842 689 936 751 quam
951 668 1114 733 habitabat
1128 668 1256 743 lefthae‚
1282 669 1370 732 iuxta
1385 667 1539 734 Cariathi-

235 765 325 842 arim,
356 765 410 828 ubi
433 767 591 847 quondam
614 789 686 831 arca
707 767 887 831 testamenti
909 767 978 845 fuit,
1000 773 1030 831 et
1053 767 1180 831 Samuel
1202 766 1354 850 populum
1377 768 1538 832 iudicauit.

234 864 377 928 meminit
398 865 490 930 huius
513 870 544 928 et
565 865 720 930 Ieremias

314 965 452 1028 Merrom
474 986 581 1048 aquae,
599 965 644 1028 'ad
666 988 744 1050 quas
767 968 905 1030 exercitu
925 972 1110 1049 praeparato
1133 971 1234 1030 castra
1255 972 1329 1031 sunt
1349 967 1460 1050 posita.
1494 971 1540 1032 est

229 1069 334 1127 autem
356 1086 441 1128 nune
462 1064 552 1128 uicus
575 1066 697 1130 Merrus
719 1067 844 1130 nomine
867 1066 899 1128 in
923 1067 1108 1129 duodecimo
1131 1066 1266 1134 miliario
1288 1068 1375 1132 urbis
1390 1066 1539 1131 Sebastae

228 1161 316 1226 iuxta
339 1162 500 1227 Dothaim.

307 1262 481 1327 Masrefoth
503 1263 607 1340 maim,
630 1285 686 1346 pro
703 1286 765 1347 quo
785 1265 903 1348 Aquila
917 1264 1090 1330 Masrefoth
1107 1286 1216 1348 aquae,
1233 1265 1440 1347 Symmachus
1456 1265 1538 1330 Mas·

225 1362 328 1424 refoth
350 1363 446 1427 maris
468 1362 668 1444 interpretati
691 1370 773 1428 sunt.

306 1461 468 1525 Machathi
488 1465 564 1526 urbs
578 1463 823 1528 Amorraeorum
846 1486 939 1545 super
953 1463 1116 1528 Iordanem
1132 1465 1219 1527 iuxta
1234 1469 1373 1528 montem
1390 1465 1536 1542 hermon,

174 1564 206 1617 10
225 1563 262 1624 de
286 1582 348 1644 qua
370 1561 575 1626 exterminare
598 1585 659 1626 non
684 1563 852 1626 ualuerunt
873 1563 931 1626 filii
952 1562 1048 1626 lsrael
1070 1563 1319 1627 Machathaeum.

307 1761 438 1826 Marom.
481 1768 512 1827 et
543 1763 625 1828 banc
657 1765 741 1846 cepit
762 1765 851 1828 Iesus
881 1783 955 1846 rege
981 1763 1080 1846 ipsius
1101 1764 1277 1828 interfecto.

180 1874 205 1924 A
223 1862 328 1943 posita
350 1868 399 1924 est
421 1867 451 1924 et
474 1885 568 1944 supra
591 1862 722 1928 Marrus

306 1959 472 2043 Mageddo.
516 1969 546 2025 et
577 1964 656 2026 hanc
688 1963 770 2045 oepit
791 1961 878 2026 lesus
909 1982 982 2046 rege
1012 1962 1112 2045 ipsius
1138 1962 1313 2026 interfecto.

128 2079 212 2134 ΑΘΗ
224 2083 303 2144 quae
335 2083 406 2124 cum
438 2061 602 2126 cecidisset
632 2062 664 2124 in
695 2067 810 2126 sortem
840 2061 940 2125 tribus
971 2061 1129 2138 Manasse‚
1164 2084 1363 2145 nequaquam
1394 2064 1534 2143 possedit

174 2179 205 2230 15
225 2183 300 2236 eam,
324 2159 398 2243 quia
420 2161 570 2242 pristinos
593 2163 784 2226 habitatores
807 2161 951 2244 nequiuit
974 2161 1136 2243 expellere.

306 2259 418 2337 Misor,
448 2281 506 2342 pro
537 2281 600 2342 quo
623 2261 741 2343 Aquila
768 2265 799 2324 et
821 2260 1026 2342 Symmachus
1057 2259 1207 2324 humilem
1228 2259 1427 2342 interpretati
1449 2265 1532 2323 sunt.

224 2363 271 2422 est
293 2365 396 2423 autem
421 2359 533 2422 ciuitas
555 2361 656 2424 tribus
678 2359 799 2438 Euhan,
822 2365 964 2443 separata
986 2358 1103 2423 Leuitis
1125 2359 1158 2422 in
1180 2359 1306 2441 regione
1328 2358 1493 2423 Gebalena.

308 2459 440 2522 Medaba
462 2481 561 2542 usque
584 2460 677 2523 hodie
699 2461 773 2524 urbs
796 2459 932 2523 Arabiae
963 2459 1129 2541 antiquum
1151 2479 1265 2522 nomen
1287 2460 1424 2523 retinens
1446 2460 1535 2522 iuxta

224 2554 358 2620 Esebon.

175 2664 208 2718 20
313 2730 314 2738 ἵ
337 2657 476 2720 Mefaath
498 2657 531 2719 in
553 2658 636 2721 tribu
653 2657 825 2722 Beniamin.
855 2661 909 2720 sed
932 2661 963 2720 et
984 2657 1045 2720 alia
1069 2661 1115 2720 est
1136 2661 1222 2720 trans
1237 2654 1401 2721 Iordanem
1424 2656 1534 2739 inqua
1553 2667 1603 2722 139

226 2757 417 2838 praesidium
440 2756 654 2820 Romanorum
676 2757 812 2822 militum
835 2760 922 2820 sedet
944 2762 1071 2838 propter
1094 2755 1230 2820 uicinam
1253 2755 1462 2820 solitudinem.

316 4489 353 4542 12
373 4487 427 4556 rgl.
450 4489 474 4540 Z.
494 4490 509 4541 5
580 4489 724 4557 181.ng
744 4487 816 4542 Hier.
836 4506 932 4543 comm.
951 4489 980 4542 in
999 4489 1044 4542 Jes
1063 4491 1102 4545 15.
1121 4489 1138 4541 2

317 4657 356 4710 20
374 4656 501 4709 Mafaath
520 4655 579 4708 ΑΗ
644 4657 681 4711 ul
702 4657 831 4711 uiciniam
851 4656 1005 4711 solitudinis
1028 4657 1099 4722 (llll

282 4740 400 4784 Eusebius
417 4740 458 4785 Ill.
