3780 5536
784 501 975 572 Hieronymus,

787 919 835 984 De
859 919 981 985 Genesi.
1553 929 1602 983 124

312 1103 399 1168 Geon
421 1103 537 1168 fluuius
559 1105 614 1187 qui
635 1107 718 1187 apud
741 1107 917 1188 Aegyptios
939 1105 1033 1170 Nilus
1055 1109 1195 1182 uocatur,
1218 1103 1250 1166 in
1264 1103 1409 1187 paradiso
1432 1102 1536 1167 oriens

229 1211 258 1266 et
279 1203 459 1268 uniuersam
480 1203 683 1286 Aethiopiam
705 1205 900 1270 circumiens

312 1301 465 1368 Gomorra
485 1325 548 1366 una
570 1306 608 1368 de
628 1304 766 1388 quinque
786 1305 968 1369 ciuitatibus
988 1304 1205 1382 Sodomorum,
1225 1325 1304 1386 quae
1320 1324 1391 1366 oum
1406 1299 1537 1384 reliquis

194 1413 210 1464 5
228 1403 335 1466 diuina
356 1402 476 1466 ultione
498 1401 649 1467 subuersa
670 1409 725 1468 est

312 1502 435 1580 Gerara,
462 1525 499 1566 ex
526 1502 615 1566 ouius
640 1504 767 1567 nomine
794 1526 877 1568 nuno
904 1502 1077 1568 Geraritiea
1104 1506 1238 1567 uocatur
1258 1500 1345 1584 regio
1365 1504 1451 1563 trans
1472 1499 1536 1561 Da·

228 1625 322 1680 roma,
351 1601 462 1686 prooul
493 1603 532 1665 ab
561 1600 801 1685 Eleutheropoli
831 1602 960 1667 milibus
990 1602 1106 1686 uiginti
1133 1603 1273 1684 quinque
1300 1604 1340 1663 ad
1366 1598 1536 1663 meridiem.

229 1709 295 1767 erat
316 1707 420 1766 autem
443 1701 519 1766 olim
540 1702 692 1766 terminus
709 1701 968 1766 Chananaeorum
989 1704 1029 1765 ad
1044 1701 1213 1766 australem
1228 1700 1356 1784 plagam
1371 1703 1402 1763 et
1425 1697 1537 1762 oiuitas

227 1801 410 1884 metropolis
437 1801 643 1865 Palaestinae.
686 1801 841 1884 scriptura
867 1804 1093 1866 commemorat
1119 1801 1216 1866 fuisse
1245 1823 1313 1864 eam
1334 1799 1417 1863 inter
1438 1796 1537 1862 Gades

179 1913 211 1967 10
229 1907 260 1966 et
286 1901 354 1980 Sur,
380 1903 441 1966 boo
467 1905 515 1965 est
539 1901 622 1964 inter
648 1902 725 1964 duas
750 1899 946 1974 solitudines,
973 1921 1107 1983 quarum
1134 1923 1198 1964 una
1219 1899 1367 1983 Aegypto
1388 1897 1538 1980 iungitur.

229 2005 267 2066 ad
291 2024 386 2084 quam
407 1999 543 2084 populus
565 2002 650 2063 tran's
672 1999 788 2064 fretum
809 2001 896 2064 rubri
917 2001 1013 2064 meris
1034 1999 1188 2083 peruenit,
1210 1998 1309 2062 altera
1328 2020 1413 2077 uero,
1428 1996 1537 2073 cades,

229 2123 328 2185 usque
350 2104 390 2165 ad
410 2101 638 2166 Saracenorum
659 2120 798 2164 eremum
819 2100 1005 2164 extenditur.

162 2314 215 2367 AC
313 2298 431 2364 Galaad
453 2320 553 2375 mons,
575 2301 615 2360 ad
636 2319 730 2380 quem
753 2297 887 2381 septimo
910 2297 960 2360 die
981 2297 1186 2381 profectionis
1207 2296 1342 2363 eCarris
1357 2294 1451 2360 laoob
1466 2315 1538 2377 pro-

179 2400 324 2482 refugus
345 2399 441 2464 uenit.
483 2400 531 2462 est
552 2402 656 2462 autem
679 2400 718 2460 ad
739 2402 864 2482 tergum
885 2395 910 2460 F
913 2397 1037 2463 oeniees
1059 2401 1090 2460 et
1111 2396 1255 2474 Arabiae,
1278 2395 1412 2461 oollibus
1426 2394 1538 2460 Libani

230 2498 404 2581 copulatus,
425 2497 666 2580 extenditurque
691 2519 748 2580 per
773 2499 930 2561 desertum
956 2518 1057 2579 usque
1084 2499 1123 2559 ad
1146 2518 1217 2559 eum
1238 2495 1353 2574 losum,
1375 2495 1431 2559 ubi
1451 2500 1538 2558 trans

230 2595 396 2661 Iordanem
418 2596 573 2660 habitauit
595 2599 753 2679 quondam
776 2596 858 2662 Seon
880 2618 934 2660 rex
956 2595 1209 2660 Amorraeorum.
1237 2594 1351 2659 cecidit
1365 2615 1459 2675 supra
1474 2594 1538 2657 dio·

231 2701 282 2759 tus
303 2717 394 2760 mons
415 2695 448 2758 in
470 2699 588 2760 sortem
608 2694 746 2760 filiorum
768 2694 879 2761 Ruben
902 2699 934 2760 et
957 2695 1025 2759 Gad
1046 2699 1077 2759 et
1097 2693 1244 2758 dimidiae
1265 2695 1366 2758 tribus
1384 2693 1538 2756 Manasse.

232 2799 286 2859 sed
308 2800 339 2859 et
360 2795 507 2860 ieremias
528 2795 681 2877 loquitur:
706 2792 851 2874 ,Galaad
867 2800 902 2859 tu
917 2796 995 2859 mibi
1009 2794 1135 2858 initium
1149 2793 1290 2858 Libani‘fi
1318 2816 1336 2856 a
1355 2815 1417 2876 quo
1432 2797 1538 2856 monte

318 3965 411 4034 :lvgl
429 3964 502 4017 Hier.
521 3981 618 4017 comm.
645 3964 673 4016 in
691 3963 737 4018 Jer
755 3965 779 4029 2,
797 3965 831 4018 18
935 3963 1014 4019 llr.
1033 3964 1088 4030 vgl.
1106 3963 1179 4018 Hier.
1198 3981 1295 4017 eornm.
1322 3963 1351 4016 in
1378 3963 1416 4018 liz
1433 3966 1475 4026 47,
1494 3963 1538 4017 18:

234 4068 348 4133 Galaad,
375 4065 423 4134 qui
449 4083 527 4120 mons
543 4065 642 4119 Libani
669 4065 786 4120 oollibus
813 4065 955 4136 copulatus
982 4064 1080 4118 oeeidit
1106 4065 1136 4118 in
1154 4067 1255 4119 sortem
1272 4064 1370 4118 Ruben
1388 4066 1415 4118 et
1435 4063 1495 4119 (lad
1513 4066 1541 4118 et

233 4169 362 4223 dimidiae
389 4166 475 4222 tribus
494 4168 621 4220 Manasse
647 4169 676 4221 et
702 4169 744 4221 est
761 4184 777 4220 a
795 4169 873 4237 tergo
892 4166 1038 4220 Phoenicis
1056 4169 1084 4220 et
1102 4166 1228 4230 Arabiae,
1256 4165 1290 4219 ad
1318 4184 1400 4234 quem
1418 4169 1539 4220 montem

233 4270 360 4340 peruenit
378 4270 411 4324 de
424 4268 533 4323 Charris
550 4269 688 4338 profectus
705 4269 788 4324 laoob
806 4272 835 4323 et
852 4269 1064 4338 comprehensus
1082 4270 1124 4322 est
1143 4269 1278 4333 abaham
1299 4267 1332 4322 de
1350 4285 1405 4335 quo
1424 4268 1452 4322 et
1469 4267 1539 4320 lere-

234 4372 302 4426 mias
314 4371 447 4439 loquitur:
462 4369 577 4436 Galaad,
589 4373 620 4424 tu
633 4369 701 4424 mihi
714 4369 823 4424 initium
835 4370 947 4435 Libani3
959 4387 1043 4436 quam
1056 4370 1128 4439 cepit
1140 4370 1174 4423 de
1187 4370 1416 4424 Amorrhaeorum
1428 4367 1540 4436 regione

234 4473 340 4526 Galaad
358 4473 431 4527 filius
449 4473 555 4526 Machir
572 4472 622 4526 filii
641 4473 780 4534 Manasse;
797 4471 853 4542 rgl.
872 4489 970 4525 eornm.
989 4471 1019 4524 in
1036 4471 1083 4526 der
1101 4472 1142 4536 22,
1161 4473 1177 4526 6

318 4679 337 4730 a
354 4675 547 4730 Dor-omamO
613 4676 651 4731 14
670 4675 779 4730 Charris
797 4678 821 4729 A
875 4675 912 4730 15
931 4673 1055 4730 Foenicis
1074 4673 1148 4741 A(0)
