3780 5536
756 492 946 563 Hieronymus.
1469 497 1508 559 43

160 667 323 734 orrerlruru
353 668 460 744 quippe
482 667 648 727 Hebraeum
678 673 704 726 et
729 685 839 726 uomere
868 667 967 742 ipsius
987 665 1159 726 civitatulae
1179 667 1295 742 paritor
1315 665 1509 735 miscuerunt,

199 786 270 828 aaut
296 767 384 827 Ularn
405 768 551 844 siquifiaet
566 768 666 844 prius,
688 767 782 826 idest
806 752 986 843 πρότερον,
1007 767 1097 826 luxa
1118 785 1188 826 uero
1211 751 1403 844 ἀμύγδαλον
1424 770 1451 824 11
1471 765 1511 824 stt

200 884 319 927 seusus:
342 867 503 928 uocabatur
524 873 622 926 autam
643 867 743 926 Belliel
759 868 849 943 prius
870 867 968 926 Dauo.
998 886 1050 926 uer
1070 884 1132 926 uou
1154 865 1253 924 atltae
1274 866 1352 942 quod
1372 865 1510 925 Betlrauu

200 967 284 1026 aliud
305 968 447 1044 oppidum
470 968 671 1044 auspicantur,
701 967 826 1026 Hebraei
844 972 955 1043 putaret
984 967 1106 1026 eaodem
1127 984 1188 1024 esse
1209 965 1320 1038 Battel,
1350 966 1455 1024 seclae
1477 982 1508 1023 11

165 1072 326 1144 5tampore
356 1086 414 1144 quo
440 1068 482 1128 tu·
511 1068 546 1126 ab
567 1066 721 1126 Ierobooru
746 1067 812 1142 pilio
833 1067 931 1125 Natat
955 1067 1047 1126 uituli
1069 1064 1154 1126 aurai
1174 1065 1315 1140 fabricati
1329 1069 1415 1138 suut,
1445 1069 1510 1122 eto

200 1167 294 1226 droam
326 1166 610 1240 latrabilemque,
640 1172 777 1225 uocatam
797 1161 858 1225 essa
879 1167 1027 1248 Batauo,
1057 1165 1089 1224 id
1110 1164 1295 1224 rotdomum
1316 1163 1403 1236 idoli,
1435 1180 1510 1239 quaa

201 1273 268 1325 oute
289 1266 450 1325 uocabatur
462 1266 569 1326 domus
583 1266 637 1325 dei.
660 1265 710 1325 sed
722 1271 748 1325 et
761 1283 846 1342 srqrer
860 1266 912 1324 troo
925 1266 960 1324 iu
974 1265 1058 1324 libris
1072 1263 1284 1324 Hebraiooruru
1300 1263 1509 1340 quaestionum

196 1366 318 1442 patara
338 1366 480 1426 atrimae.
932 1351 934 1354 ’

284 1460 372 1540 Bata,
403 1482 483 1544 quae
514 1465 561 1525 111
583 1459 691 1544 Segor.
734 1481 818 1525 nuno
840 1458 938 1524 Zoara
967 1462 1178 1540 nuncupatur,
1209 1457 1277 1524 sola
1307 1462 1345 1523 de
1372 1457 1511 1540 quinque

150 1570 183 1624 10
203 1559 411 1626 Sodomorum
433 1561 565 1626 urbibus
579 1560 640 1626 Lot
653 1561 799 1644 precibus
814 1563 980 1623 reseruata
1008 1559 1153 1622 imminet
1167 1561 1271 1621 autem
1285 1557 1363 1621 mari
1378 1561 1511 1626 mortuo,

203 1665 234 1724 et
254 1660 445 1742 praesidium
467 1661 500 1724 in
523 1683 559 1724 ea
572 1661 711 1744 positum
727 1662 774 1724 est
788 1657 925 1723 militum
940 1657 1166 1736 Romanorum
1187 1657 1417 1722 habitatoribus
1433 1676 1511 1738 quo-

202 1781 263 1843 que
291 1760 427 1842 propriis
458 1760 683 1844 frequentatur.
726 1763 757 1823 et
787 1760 871 1842 apud
903 1780 971 1822 eam
1002 1757 1146 1841 gignitur
1166 1756 1343 1822 balsamum
1365 1760 1395 1819 et
1417 1777 1510 1838 poma

202 1859 384 1941 palmarum,
408 1859 556 1943 antiquae
576 1859 731 1924 ubertatis
751 1857 876 1923 indioia.
917 1862 1038 1920 uultum
1059 1868 1158 1922 auteur
1178 1867 1297 1920 moueat
1318 1860 1397 1937 quod
1419 1859 1510 1934 Sopor

201 1963 300 2022 euclem
323 1964 421 2022 Zoara
443 1964 560 2038 dieitur,
581 1982 651 2022 suut
671 1962 750 2021 idem
770 1980 880 2021 uomere
901 1962 941 2020 sil
959 1962 1106 2038 paruulae
1127 1961 1175 2020 uel
1195 1961 1333 2034 utilioris,
1354 1961 1405 2019 sed
1421 1959 1511 2034 Seqor

150 2069 184 2122 15
204 2061 352 2136 Hebroiee,
383 2065 482 2122 Zoara
504 2062 624 2140 Syriaca
652 2067 852 2138 nuncupatur.
894 2061 970 2120 Bato
1000 2067 1098 2120 auteur
1127 2061 1334 2136 interpretatur
1359 2059 1509 2135 absorpta:

201 2181 291 2240 stipor
312 2181 370 2240 quo
391 2163 426 2222 iu
447 2163 531 2222 libris
553 2161 765 2221 Hebraioarum
787 2161 997 2238 quaestionum
1014 2161 1137 2236 phitius
1158 2159 1300 2220 diutinae.

282 2257 291 2341 t}
315 2257 461 2337 Balaam,
475 2261 508 2321 id
521 2267 563 2321 est
577 2279 711 2338 quereus,
726 2255 843 2336 luotus;
866 2257 924 2320 sub
940 2278 1002 2338 qna
1016 2254 1178 2320 Rebeccae
1192 2255 1299 2319 nutrix
1317 2252 1440 2334 sepulta
1455 2257 1509 2316 est.
1528 2256 1576 2310 101

284 2459 396 2522 Barad.
438 2457 519 2520 inter
541 2455 641 2520 Gades
665 2461 695 2521 et
717 2456 822 2520 Barad
847 2455 1004 2538 hodieque
1026 2455 1115 2539 Agar
1135 2460 1248 2539 puteus
1270 2456 1509 2518 demonstratur.

282 2656 447 2722 Bethleem
463 2657 574 2723 oiuitas
589 2656 695 2720 Dauid
715 2657 747 2719 in
770 2661 853 2721 sorte
874 2656 975 2721 tribus
990 2654 1094 2734 Iudae,
1117 2657 1149 2720 in
1168 2678 1230 2738 qua
1246 2655 1390 2718 dominus
1406 2657 1512 2718 noster

149 2759 183 2813 20
201 2761 296 2840 atque
317 2756 457 2821 saluator
477 2761 570 2820 natus
593 2761 652 2834 est,
678 2756 712 2818 in
732 2760 821 2819 sexto
843 2757 882 2819 ab
905 2755 998 2820 Aelia
1018 2756 1153 2820 miliario
1177 2759 1287 2819 eontra
1308 2753 1512 2818 meridianam

201 2856 328 2940 plagam
349 2858 438 2921 iuxta
460 2856 545 2920 uiam
560 2877 641 2939 quae
662 2855 750 2920 duoit
765 2854 918 2934 chebron,
939 2856 995 2920 ubi
1017 2861 1048 2920 et
1067 2856 1246 2938 sepulerum
1261 2853 1344 2919 Iesse
1363 2857 1394 2918 11
1407 2852 1513 2916 Dauid

202 2956 388 3021 ostenditur.
429 2966 454 3020 et
475 2961 555 3019 mille
575 2960 689 3019 airoiter
708 2959 851 3035 possitus
868 2960 975 3035 praeut
996 2960 1089 3020 tarmis
1104 2959 1190 3032 aaa,
1212 2977 1286 3035 quae
1306 2960 1512 3034 iuterpretatur·

201 3061 297 3120 turris
316 3061 422 3136 propia,
445 3061 575 3137 quodam
597 3059 743 3118 uotiaiuio
758 3065 894 3135 pastores
914 3059 1085 3118 natiuitatis
1105 3059 1272 3118 dominicae
1292 3058 1424 3118 eouseios
1445 3062 1511 3114 aute

287 3273 346 3328 aa.
366 3273 421 3342 vgl.
436 3271 508 3327 Hier.
528 3288 625 3327 nomm.
643 3271 778 3336 inHost,
797 3271 870 3327 1511
898 3273 1049 3325 astantem
1070 3269 1179 3325 Bethel:
1208 3272 1237 3324 et
1254 3286 1324 3338 quaa
1342 3267 1416 3338 prius
1433 3283 1513 3321 uoca-

200 3375 282 3429 batur
308 3374 404 3429 domus
432 3374 483 3439 dei,
510 3377 656 3444 postquam
684 3372 766 3427 uituli
792 3371 821 3426 in
841 3389 875 3428 ea
891 3371 973 3442 positi
990 3375 1062 3435 sunt,
1089 3371 1229 3442 appellata
1255 3374 1297 3426 est
1314 3371 1465 3432 Bethauen,
1483 3367 1512 3422 id

201 3479 242 3530 est
268 3475 364 3529 domus
391 3474 497 3529 inutilis
520 3477 548 3528 et
565 3474 661 3529 domus
679 3473 760 3539 idoli;
872 3475 901 3527 et
917 3473 1060 3528 Ieroboam
1078 3473 1150 3527 filius
1167 3472 1279 3526 Nabath
1296 3471 1399 3526 uitulos
1417 3487 1512 3524 aureos

200 3576 350 3632 fabricatus
368 3580 413 3631 ete
446 3577 464 3632 5
482 3577 497 3629 I
515 3577 577 3630 Kdn
596 3577 636 3643 12,
655 3575 688 3630 29
726 3576 740 3630 7
762 3576 816 3646 vgl.
829 3575 903 3629 Hier.
918 3576 1022 3643 quaest.
1041 3573 1070 3627 in
1081 3574 1140 3628 Gen
1152 3575 1177 3628 S.
1189 3577 1232 3641 43,
1250 3575 1283 3630 29
1301 3573 1366 3643 (agl.
1380 3574 1405 3626 S.
1418 3575 1459 3638 el,
1472 3572 1511 3640 83:

200 3695 274 3732 nune
293 3677 353 3733 looo
371 3693 472 3732 nomen
489 3677 610 3747 inposuit
629 3683 671 3731 »et
689 3677 800 3733 uocauit
816 3675 895 3730 illum
913 3675 1026 3730 Bethel«
1046 3674 1135 3729 idest
1154 3675 1265 3730 domum
1284 3675 1336 3740 dei,
1356 3675 1419 3744 »qui
1436 3674 1511 3728 11111

200 3781 352 3835 uocabatur
370 3782 434 3834 ante
451 3779 549 3845 Lura«,
568 3779 642 3847 quod
659 3778 855 3849 interpretatur
872 3777 997 3832 nursiae
1016 3773 1189 3847 ἀμύγδαλον.
1231 3776 1303 3830 unde
1320 3775 1436 3830 ridicule
1454 3775 1510 3844 qui-

201 3881 265 3935 dam
277 3880 391 3935 uerbum
402 3879 562 3935 hebraicum
573 3879 648 3934 ulam
669 3897 769 3935 nomeu
781 3896 839 3934 esse
850 3879 926 3934 urbis
942 3881 1050 3949 putant,
1068 3895 1130 3931 oum
1143 3877 1218 3932 ulam
1232 3877 1427 3948 interpretatur
1437 3877 1511 3946 prius

203 3982 274 4037 111.
293 3982 434 4051 13111111.
454 3985 557 4052 quaest.
576 3983 604 4036 in
624 3983 682 4036 Gen
695 3983 720 4036 S.
733 3983 803 4049 214
816 3981 881 4051 (vgl.
895 3981 920 4034 S.
933 3982 974 4048 30,
994 3981 1031 4048 7):
1051 3978 1119 4033 Bale
1136 3978 1234 4048 lingua
1250 3979 1370 4032 hebraea
1386 3975 1511 4032 κατάπο-

202 4101 253 4149 σις,
270 4082 299 4136 id
317 4086 359 4138 111
371 4084 519 4151 deuoratio,
539 4083 653 4137 dieitur.
665 4125 670 4135 .
682 4122 689 4134 .
700 4125 706 4136 .
716 4081 850 4152 siquidem
862 4083 948 4152 Segor
959 4079 1122 4134 transfertur
1139 4080 1168 4134 in
1186 4096 1307 4150 paruam,
1327 4095 1397 4148 quae
1414 4078 1512 4147 lingua

203 4203 266 4254 syra
283 4186 370 4240 Zoara
387 4185 487 4240 dieitur
538 4186 622 4241 aar.
644 4185 699 4254 vgl.
719 4185 791 4238 Hier.
811 4187 915 4252 quaest.
942 4183 972 4237 in
991 4183 1049 4237 Gen
1067 4183 1091 4237 S.
1111 4183 1156 4246 55,
1175 4183 1222 4236 30:
1241 4180 1361 4249 quodam
1379 4178 1510 4234 uaticinio

203 4287 324 4341 futurum
351 4287 407 4340 iam
425 4289 491 4341 tuae
508 4285 669 4356 mysterium
688 4285 904 4352 monstrabatur;
933 4285 1113 4356 ep.108,10:
1143 4281 1217 4336 haud
1234 4282 1331 4352 prooul
1347 4280 1410 4335 inde
1429 4281 1465 4348 (d.
1484 4280 1510 4332 h.

204 4405 257 4442 von
276 4385 428 4456 Bethleem)
446 4388 589 4443 deseendit
615 4388 650 4442 ad
670 4393 773 4442 turrem
791 4385 872 4454 ridor,
899 4386 987 4442 idest
1005 4383 1108 4454 gregis,
1136 4382 1214 4437 iuxta
1236 4399 1317 4452 quem
1335 4381 1416 4436 laeob
1434 4381 1511 4450 pauit

203 4506 300 4559 greges
318 4505 388 4552 suos,
407 4491 436 4543 et
453 4492 576 4560 pastores
594 4491 676 4545 noete
693 4489 843 4559 uigilantes
862 4486 957 4541 andire
976 4487 1142 4540 meruerunt:
1164 4483 1288 4540 »Gloria«
1309 4487 1360 4538 eto.

288 4657 375 4712 Balaa
396 4659 419 4714 O
483 4658 611 4715 Bethlem
633 4660 656 4714 0
