3752 5542
747 466 937 536 Hieronymus.
1463 481 1503 544 17

90 645 178 702 ΑΘΗ
191 638 328 704 inuicem
349 637 588 702 suceedentibus
611 638 642 700 et
663 636 910 717 cohaerentibus,
932 638 987 721 qui
1001 639 1186 722 incipientes
1202 665 1220 705 a
1234 640 1354 706 Libano
1371 647 1402 707 et
1415 641 1500 707 ultra

193 761 265 804 eum
286 758 386 820 usque
409 739 449 800 ad
471 739 629 801 desertum
651 735 753 801 Faran
774 737 969 820 perueniunt
1012 743 1147 822 suntque
1169 741 1292 823 inipso
1314 741 1446 820 Auloue,
1468 747 1501 806 a'd

193 848 235 904 est
257 843 292 902 ie
313 841 389 900 eollo
410 841 576 917 campestra,
606 837 699 900 urbes
729 835 852 902 nobiles
875 836 1087 920 Scythopolis,
1117 837 1259 905 Tiberias
1289 845 1500 925 stagnumque

193 942 322 1022 propter
344 957 420 1014 eam,
442 938 497 1001 sed
518 939 550 1000 et
571 933 700 1016 Iericho,
722 958 807 1001 mare
828 941 990 1002 mortuum
1011 942 1042 1001 et
1062 939 1207 1022 regiones
1228 940 1262 1005 iu
1283 940 1425 1022 circuitu,
1445 962 1502 1023 per

162 1050 178 1104 5
196 1059 275 1122 quas
296 1036 417 1102 medius
432 1033 575 1100 Iordanis
596 1034 675 1114 fluit,
697 1035 800 1100 oriens
822 1039 860 1100 de
882 1035 1023 1102 fontibus
1038 1037 1201 1118 Ponendis,
1223 1040 1305 1105 etin
1326 1039 1406 1104 mari
1419 1063 1503 1106 mor·

196 1143 252 1203 tuo
274 1137 432 1201 interiens.

279 1235 463 1300 Amaleeitis
484 1235 570 1319 regio
585 1235 618 1299 in
633 1237 755 1299 deserto
770 1239 810 1299 ed
825 1235 988 1300 meridiem
1003 1235 1135 1302 Iudaeae
1150 1243 1237 1304 trans
1251 1241 1361 1304 urbem
1376 1239 1503 1304 Petram

197 1336 344 1401 euntibus
366 1334 480 1414 hilam,
511 1334 599 1398 ouius
629 1339 660 1398 et
690 1335 845 1418 scriptura
867 1338 1048 1416 recordetur
1070 1337 1189 1403 dicens:
1215 1338 1364 1404 »Amalec
1384 1338 1507 1404 habitet

198 1437 231 1500 in
260 1441 344 1501 terra
374 1436 414 1498 ad
446 1439 615 1498 austrum«.
658 1437 714 1498 sed
744 1438 776 1498 et
804 1433 892 1498 iuxta
914 1455 985 1498 eum
1007 1433 1087 1499 elius
1107 1436 1312 1502 Chananaeus
1334 1437 1499 1504 habitabat

149 1551 182 1604 10
201 1535 256 1620 qui
288 1540 318 1600 et
349 1533 511 1599 dimieauit
541 1538 651 1599 contra
679 1533 763 1600 filios
785 1532 882 1598 lsrael
911 1535 945 1598 in
975 1536 1111 1600 deserto:
1142 1537 1180 1601 de
1211 1537 1325 1621 quibus
1347 1537 1494 1602 scribitur

204 1633 352 1698 »Amalec
375 1638 479 1698 autem
500 1637 532 1698 et
551 1632 754 1699 Chanauaeus
776 1633 920 1698 habitant
941 1635 974 1698 in
995 1632 1108 1700 ualle«.

285 1933 399 1996 Araba.
435 1932 554 2018 Aquila
568 1933 704 2016 planam,
719 1931 925 2016 Symmachus
942 1937 1148 2017 campestrem
1162 1933 1415 2016 interpretantur,
1430 1934 1512 2000 siout

203 2054 297 2116 supra
320 2033 437 2096 dictum
459 2036 514 2096 est.
551 2054 645 2115 porro
668 2037 715 2096 est
736 2036 768 2096 et
789 2032 851 2096 alia
871 2031 949 2097 uilla
962 2033 1068 2098 Araba
1089 2032 1224 2114 nomine,
1245 2033 1279 2097 in
1300 2033 1415 2098 finibus
1437 2033 1511 2099 Dio·

206 2153 376 2210 caesareae,
398 2153 478 2214 quue
500 2130 576 2196 olim
592 2130 746 2198 Safforine
768 2130 938 2212 dicebatur,
959 2136 991 2198 et
1012 2131 1074 2196 alia
1088 2133 1188 2198 tribus
1204 2133 1332 2198 milibus
1347 2155 1366 2196 a
1381 2131 1510 2216 Scytho-

155 2246 188 2298 15
205 2229 272 2314 poli
295 2235 404 2296 contra
426 2231 629 2297 occidentem.

288 2332 426 2395 Ammen
456 2352 536 2415 quse
558 2352 642 2396 nunc
664 2329 841 2411 Filadelfia,
871 2333 946 2397 urbs
970 2331 1104 2396 Arabiae
1125 2330 1254 2410 nobilis,
1286 2331 1320 2395 iu
1342 2353 1404 2414 qua
1425 2331 1514 2396 habi-

206 2435 352 2494 taueruut
374 2429 450 2494 olim
473 2429 598 2495 Rafaim
621 2431 862 2515 gementique,
894 2452 988 2515 quam
1010 2430 1235 2496 iuterfecerunt
1256 2429 1315 2494 filii
1337 2429 1405 2510 Lot,
1426 2431 1514 2494 habi·

207 2534 308 2594 tantes
329 2550 387 2612 pro
411 2528 455 2594 eis
476 2529 509 2593 in
530 2530 677 2594 Amman.
842 2581 844 2588 .

291 2628 401 2712 Argob
431 2630 519 2714 regio
547 2631 631 2714 regis
661 2630 767 2696 Basan
797 2627 847 2714 Og
877 2652 971 2713 super
995 2628 1170 2708 Iordanem,
1202 2652 1282 2714 quae
1312 2629 1426 2694 cecidit
1448 2628 1459 2714 ΙΙ
1483 2630 1517 2694 iu
1535 2641 1568 2696 89

158 2740 192 2795 20
209 2733 327 2793 sortem
353 2728 501 2793 dimidiae
526 2729 627 2794 tribus
649 2727 803 2794 Manasse.
846 2733 877 2794 et
899 2735 946 2796 est
971 2752 1071 2813 usque
1092 2729 1186 2794 hodia
1206 2729 1296 2795 uicus
1318 2729 1401 2796 circa
1424 2727 1518 2794 Gera-

210 2850 277 2892 sam
298 2829 408 2892 urbem
423 2829 568 2910 Arabiae,
590 2828 770 2914 quindecim
791 2830 830 2893 ab
852 2852 889 2893 ee
911 2828 1038 2894 milibus
1054 2828 1173 2894 distans
1193 2834 1302 2895 contra
1316 2829 1518 2908 occidentem,

211 2925 265 3009 qui
288 2928 376 3010 Arga
398 2927 582 3011 appellatur.
625 2931 711 3011 quod
732 2929 956 3010 iuterpretatur
977 2925 1185 3010 Symmachus
1206 2950 1394 2994 mensuram.

292 3027 436 3092 Asedoth
465 3028 540 3092 urbs
562 3027 814 3106 Amorraeorum,
846 3048 925 3110 quae
948 3027 1061 3091 cecidit
1082 3026 1115 3091 in
1136 3032 1253 3094 sortem
1275 3029 1376 3093 tribus
1398 3027 1518 3093 Ruben.

211 3124 388 3209 appellatur
416 3131 522 3192 autem
552 3127 659 3192 addito
690 3130 899 3211 cognomento
921 3126 1063 3191 Asedoth
1086 3125 1201 3210 Perage,
1232 3130 1319 3210 quod
1348 3127 1381 3191 in
1410 3126 1521 3212 lingua

160 3237 193 3290 25
211 3229 319 3290 nostra
341 3230 466 3292 resonet
487 3227 653 3291 abscisum

295 3326 428 3390 Abarim
450 3349 540 3392 mons
562 3327 678 3410 inquo
699 3329 842 3391 mortuus
865 3328 912 3390 est
933 3322 1070 3408 Moyses.
1113 3325 1229 3392 dicitur
1250 3331 1356 3392 autem
1378 3331 1410 3392 et
1431 3349 1521 3392 mons

216 3446 283 3490 esse
305 3423 421 3490 Nabau
442 3425 580 3491 interra
601 3426 696 3491 Moab
721 3429 830 3491 contra
851 3424 973 3490 Iericho
999 3445 1094 3507 supra
1114 3423 1282 3492 Iordanem
1302 3426 1336 3492 in
1357 3425 1524 3510 supercilio

216 3523 327 3608 Fasga.
363 3527 601 3611 ostenditurque
623 3525 863 3591 ascendentibus
886 3527 925 3590 de
939 3522 1070 3588 Liuiade
1091 3523 1124 3589 in
1138 3523 1249 3590 Esbun
1270 3526 1401 3609 antiquo
1419 3527 1524 3592 hodie-

305 4259 374 4316 lor.
387 4259 449 4330 ygl.
467 4258 540 4315 Hier.
560 4275 657 4314 comm.
676 4258 705 4312 in
722 4257 812 4312 Naum
830 4257 853 4324 3,
872 4257 938 4313 effi:
960 4255 1104 4324 hnmana,
1123 4273 1193 4326 quae
1212 4274 1285 4312 nuuc
1303 4259 1417 4313 uocatur
1435 4257 1527 4312 Phila·

218 4359 330 4431 delphin

305 4547 405 4602 2eum
423 4557 455 4606 <
473 4546 500 4599 A
587 4547 601 4601 7
631 4545 798 4601 Amalecites
825 4545 968 4614 (ΑΒ)οΗ
1055 4544 1093 4599 10
1120 4543 1257 4613 scribitur]
1284 4542 1325 4598 ita
1350 4543 1485 4614 scriptura
1502 4545 1531 4598 H

222 4646 538 4717 monumemtum
551 4649 581 4702 H
648 4647 686 4704 14
705 4645 857 4703 Safforinea
870 4647 895 4699 A
948 4647 988 4703 24
1006 4645 1115 4717 l‘asgau
1127 4645 1236 4701 ABOH
1302 4645 1341 4785 {8
1360 4644 1463 4701 Esbum
1476 4647 1534 4701 ΑΗ

273 4731 392 4776 Eusebius
406 4731 450 4777 111.
