3716 5510
722 475 912 546 Hieronymus.

91 653 147 708 Ao
245 659 345 725 Aelus
364 660 397 724 in
420 663 551 740 deserto,
573 661 629 725 ubi
650 659 709 726 filii
729 660 828 727 Israel
849 669 952 728 eastra
973 663 1083 728 metati
1104 667 1186 728 aunt

540 942 590 1008 De
611 941 760 1010 Numeris
782 950 814 1009 et
834 943 1091 1009 Deuteronomio.

243 1095 379 1158 Aseroth
408 1115 481 1176 pars
511 1094 642 1173 heremi,
672 1095 726 1158 ubi
753 1094 854 1158 Maria
884 1099 916 1161 et
936 1095 1044 1160 Aaron
1076 1099 1185 1159 eontra
1207 1093 1340 1178 Moysen
1370 1094 1472 1160 loeuti

160 1199 241 1257 sunt.
284 1191 508 1258 habitauerunt
529 1199 634 1260 autem
661 1198 820 1278 quondam
842 1194 942 1259 Euaei
962 1194 995 1258 in
1017 1195 1154 1259 Aseroth
1175 1215 1275 1278 usque
1297 1197 1338 1258 ad
1359 1197 1470 1261 urbem

125 1294 142 1348 5
161 1291 283 1356 Gazam.
321 1315 428 1357 rueram
449 1297 518 1358 baar
538 1299 601 1360 loco
621 1318 684 1358 nore
698 1299 832 1372 Astaroth,
854 1299 904 1358 aad
919 1299 1037 1358 Aeetam
1058 1298 1200 1375 appellari
1213 1298 1339 1358 Hebraei
1346 1305 1466 1377 putant.

241 1393 401 1457 Asemona
423 1400 525 1458 eastra
547 1393 683 1458 filiorum
705 1392 802 1458 lsrael
824 1394 857 1458 in
878 1396 1011 1458 deserto.

238 1592 409 1668 Aetbarim,
431 1613 488 1676 pro
511 1614 575 1676 quo
597 1593 714 1679 Aquila
736 1600 768 1658 et
783 1592 991 1677 Symmachus
1014 1593 1248 1677 exploratorum
1269 1593 1354 1657 uiam
1375 1593 1467 1658 inter·

157 1692 271 1774 pretati
302 1696 388 1770 sunt,
417 1691 473 1756 ubi
503 1695 668 1758 aduersum
691 1692 925 1770 Chananaeum,
956 1691 1013 1777 qui
1042 1691 1081 1756 ab
1108 1697 1215 1756 austro
1238 1697 1347 1756 eontra
1367 1691 1466 1758 Israel

158 1795 310 1873 eruperat,
332 1791 366 1856 in
388 1791 559 1858 solitudine
581 1792 757 1858 dimicatur.

105 1898 140 1952 10
246 1891 329 1955 *aie
352 1913 432 1976 quae
454 1896 485 1955 et
499 1891 664 1976 Aobalgai.
700 1915 757 1975 pro
779 1892 838 1956 bae
853 1891 1058 1970 Symmachus
1079 1891 1304 1973 interpretatur
1324 1888 1357 1955 in
1380 1891 1468 1958 eolli-
1484 1906 1519 1962 86

156 1989 223 2054 bus.
267 1995 314 2054 est
335 1994 440 2054 autem
462 2013 478 2055 e
500 1993 629 2076 regione
652 1995 812 2076 quondam
833 1991 938 2072 Moab,
961 2013 1044 2055 nune
1064 1988 1273 2073 Areopoleoa
1303 1993 1344 2054 ad
1366 1992 1467 2057 orien-

156 2088 253 2154 talem
274 2089 410 2173 plagam.

238 2190 349 2253 Arnon
371 2209 464 2272 rupes
488 2192 643 2273 quaedam
664 2190 697 2254 in
719 2189 854 2255 sublime
875 2190 1016 2274 proiecta
1035 2191 1069 2254 in
1087 2189 1203 2253 finibus
1220 2190 1466 2255 Amorraeorum

154 2287 235 2352 inter
256 2287 352 2350 Moab
383 2292 415 2351 et
436 2289 635 2355 Amorraeos.
665 2290 761 2357 Moab
783 2310 858 2356 uero
884 2289 1021 2354 Arabiae
1052 2287 1163 2352 einitas
1192 2293 1239 2353 est
1270 2309 1351 2371 quae
1382 2311 1466 2354 nuno

100 2393 135 2446 15
153 2385 322 2470 Areopolis
344 2386 529 2471 appellatur.
573 2393 744 2456 ostendunt
774 2389 912 2474 regionis
933 2389 1020 2454 illius
1043 2386 1168 2454 aeoolae
1188 2386 1295 2451 locum
1316 2387 1410 2452 uallis
1431 2389 1465 2453 in

153 2491 321 2568 praerupta
351 2489 511 2552 demersae
541 2489 617 2554 satis
648 2489 831 2555 horribilem
863 2494 894 2555 et
922 2489 1147 2572 periculosum,
1178 2488 1232 2571 qui
1263 2485 1464 2572 aplerisque
1567 2509 1570 2516 ·

153 2607 253 2670 usqne
274 2607 359 2650 nune
374 2586 520 2652 Arnonas
541 2587 718 2672 appellatur
740 2590 980 2673 extenditurque
1002 2591 1042 2652 ad
1063 2587 1308 2671 septentrionem
1322 2585 1463 2670 Areopo-

153 2683 227 2748 leos.
271 2686 303 2749 in
334 2707 398 2770 qno
430 2691 461 2752 et
489 2687 628 2752 militnm
658 2710 696 2752 ex
726 2689 812 2753 omni
840 2692 929 2772 parte
959 2686 1116 2771 praesidia
1142 2684 1315 2768 distributa
1332 2685 1462 2769 plenum

153 2785 316 2870 sanguinis
339 2791 370 2851 et
390 2785 569 2852 formidinis
594 2792 750 2853 testantur
769 2789 955 2872 ingressum.
997 2788 1049 2851 hio
1071 2787 1228 2870 quondam
1252 2783 1462 2851 Moabitarum

100 2884 227 2962 aufuit,
255 2891 286 2949 et
311 2891 420 2968 postea
441 2885 524 2950 Seon
550 2909 605 2951 rex
626 2889 869 2953 Amorraeorum
891 2888 959 2952 iure
975 2885 1053 2952 belli
1075 2908 1146 2950 eum
1168 2883 1312 2950 obtinuit
1355 2886 1410 2948 sed
1431 2890 1462 2950 et

153 2989 236 3048 terra
267 2985 405 3050 filiorum
434 2985 532 3052 Israel
562 2991 648 3052 trans
678 2986 842 3052 Iordanem
873 2987 1027 3071 inoipiens
1058 2987 1097 3050 ab
1130 2984 1259 3049 Amone
1289 3005 1390 3068 usqne
1420 2987 1461 3048 ad

150 3071 273 3150 montes
295 3087 435 3150 Aermon
457 3090 489 3149 et
509 3085 663 3151 libanum
687 3087 871 3152 extenditur.

231 3184 278 3247 Ar
303 3183 391 3250 loeus
417 3185 469 3250 uel
495 3185 647 3270 oppidum
673 3187 823 3267 Amonis,
850 3189 936 3271 quod
962 3209 980 3250 a
1002 3184 1209 3270 Septuaginta
1235 3182 1460 3265 interpretibus

144 3305 200 3364 per
220 3293 369 3348 artensem
389 3290 521 3350 aomlem
542 3283 587 3350 Er
608 3285 730 3350 dieitur.

96 3393 131 3447 25
232 3383 384 3446 Aesimon
415 3383 505 3448 loeus
540 3386 663 3450 deserti.
714 3386 849 3470 deniqne
885 3390 917 3450 et
946 3386 1049 3468 ipsum
1084 3382 1275 3450 uocabulum
1306 3379 1459 3447 incultam

150 3485 267 3547 terram
289 3485 506 3567 desertamque
528 3484 693 3568 signifieat

233 3581 423 3648 Abelsattim
445 3581 533 3648 loeus
555 3583 588 3648 in
610 3585 733 3650 deserto
755 3587 795 3648 ad
816 3585 981 3650 meridiem
1003 3583 1225 3649 Moabitarum.

236 4253 305 4309 lor.
324 4253 381 4324 vgl.
399 4255 472 4312 Hier.
489 4255 519 4310 in
536 4257 582 4312 Jea
601 4257 640 4318 16,
659 4259 687 4312 2:
715 4261 817 4314 Arnon.
837 4299 842 4311 .
861 4299 868 4313 .
886 4261 934 4327 qni
962 4263 1004 4316 est
1025 4261 1158 4316 terminus
1177 4263 1406 4319 Amorrhaeornm
1428 4267 1457 4320 et

147 4354 334 4410 Moabitarum

232 4539 363 4595 dautem
386 4539 426 4594 Va
448 4548 481 4600 <
505 4541 559 4597 AO
642 4543 680 4598 1a
697 4548 822 4614 porrecta
846 4545 886 4598 Va
974 4545 1012 4602 lt
1030 4547 1167 4602 testantur
1196 4547 1235 4601 Va
1259 4548 1454 4604 ostenditnrA

145 4641 317 4710 temptantur
338 4641 362 4697 0
427 4642 463 4698 22
483 4642 635 4713 meridiem]
654 4643 845 4701 oeoidentem‘?
870 4645 994 4700 Vallorsr'
