3750 5540
775 445 964 516 Hieronymus.
1472 455 1529 516 135

123 610 205 665 ΑΘΗ
303 614 400 679 Mello
423 615 535 679 ciuitas
551 637 645 699 quam
661 617 842 681 aedificarit
856 617 1013 682 Salomon.
1049 636 1142 700 porro
1161 616 1368 700 Symmachus
1384 623 1414 680 et
1428 615 1530 681 Theo·

219 715 330 779 dotion
352 714 608 798 adimpletionem
630 717 867 781 transtulerunt.
902 729 929 781 et
949 723 982 780 de
997 723 1051 780 hoc
1064 723 1098 780 in
1114 721 1198 780 libris
1212 721 1426 780 Hatruicorum
1441 740 1529 798 quoe-

218 821 354 879 stioaum
369 820 491 895 plenius
512 820 627 879 dicitur.

309 913 310 947 l
332 914 476 978 Maedam
498 915 609 978 ciuitas
632 936 726 998 quam
748 915 928 979 aedificauit
950 915 1107 980 Salomon.
1547 927 1595 978 141

185 1018 201 1070 5
302 1014 426 1078 Memfis
457 1014 569 1079 ciuitas
591 1014 744 1097 Aegypti,
776 1017 863 1079 cuius
885 1015 963 1079 Osee
994 1020 1025 1079 et
1051 1013 1204 1080 Iezechiel
1231 1021 1263 1079 et
1283 1015 1430 1079 Ieremias
1456 1037 1529 1098 pro·

219 1113 302 1177 fetae
331 1117 541 1178 recordantur.
583 1117 638 1178 sed
669 1119 701 1178 et
720 1115 830 1180 Iudaei
852 1116 906 1198 qui
929 1137 1000 1179 cum
1022 1114 1154 1180 leremia
1175 1119 1214 1179 de
1236 1113 1436 1197 lerosolymis
1457 1135 1529 1198 pro·

220 1215 290 1298 fugi
314 1213 462 1292 exierant,
483 1213 706 1278 habitauerunt
726 1215 758 1278 in
781 1215 915 1280 Memfis.

304 1311 452 1378 Machaas
483 1315 515 1376 in
538 1312 629 1392 Osee,
660 1335 717 1396 pro
749 1336 812 1397 quo
835 1314 954 1398 Aquila
977 1318 1007 1379 et
1030 1314 1236 1396 Symmachus
1255 1313 1529 1396 concupiscentias

218 1413 474 1496 interpretantur.

168 1513 201 1566 10
305 1511 432 1576 Miletus
456 1513 566 1576 ciuitas
589 1512 693 1592 Asiae,
716 1517 753 1576 de
777 1535 839 1596 qua
859 1513 1014 1578 Iezechiel
1036 1514 1152 1578 scribit.

305 1610 463 1676 Mariboth
474 1614 561 1676 cuins
576 1613 720 1676 meminit
728 1612 880 1677 Iezechiel
890 1614 1009 1678 dicens:
1030 1635 1147 1697 »usquc
1162 1617 1201 1676 ad
1216 1634 1331 1696 aquam
1341 1610 1529 1690 Mariboth‹,

216 1733 274 1795 pro
307 1733 369 1794 quo
393 1712 511 1795 Aquila
541 1711 624 1789 litae,
657 1711 863 1794 Symmachus
892 1714 996 1796 iurgia
1017 1713 1070 1776 uel
1092 1713 1355 1778 contradictiones
1376 1710 1528 1795 interpre-

217 1816 334 1875 tantur.

303 1909 457 1975 Morasthi
493 1913 575 1974 unde
606 1910 668 1974 fuit
699 1910 857 1974 Michaeas
888 1912 1018 1993 profeta.
1071 1915 1118 1976 est
1153 1916 1258 1975 antem
1295 1910 1384 1976 uicus
1421 1916 1529 1976 contra

168 2019 201 2071 15
219 2011 372 2074 orientem
394 2009 683 2090 Eleutheropoleos.

302 2108 466 2194 Masogam
489 2109 576 2192 regio
600 2108 819 2188 Moabitarum,
842 2114 877 2173 ut
898 2110 1007 2175 scribit
1028 2109 1185 2175 Ieremias.

301 2207 400 2273 Misor
422 2209 508 2292 regio
532 2207 626 2273 Moab
648 2209 736 2273 iuxta
758 2207 929 2273 Ieremiam.

144 2317 204 2371 ΑΗ
300 2309 422 2372 Mofath
438 2309 525 2392 regio
541 2307 760 2386 Moabitarum,
775 2309 857 2371 sicut
871 2309 904 2370 in
919 2306 1050 2372 Ieremia
1064 2309 1207 2394 legimus
1242 2308 1346 2390 posita
1361 2314 1407 2372 est
1422 2313 1525 2372 autem

218 2413 250 2472 et
272 2431 366 2490 supra
387 2409 534 2472 Mefaath.

167 2507 200 2561 20
303 2507 398 2570 Maon
420 2507 507 2591 regio
531 2506 740 2571 Moabitarum
763 2507 850 2571 iuxta
872 2507 1044 2572 leremiam.

120 2615 200 2670 ΑΘΗ
303 2607 459 2671 Melchom
481 2607 602 2671 idolum
622 2606 885 2686 Ammonitarum‚
907 2607 989 2671 siout
1011 2607 1120 2671 scribit
1140 2604 1295 2670 Ieremias.

301 2705 458 2789 Magadan
490 2709 530 2769 ad
561 2707 649 2770 cuius
681 2706 760 2769 fines
792 2704 970 2770 Matthaeus
1002 2705 1196 2790 euangelista
1226 2704 1335 2770 scribit
1365 2705 1527 2769 dominum

218 2807 408 2888 peruenisse.
451 2808 504 2868 sed
536 2811 567 2868 et
588 2804 714 2869 Marcus
746 2805 884 2870 eiusdem
914 2806 1050 2870 nominis
1081 2808 1269 2869 recordatur.
1312 2826 1396 2869 nrrnc
1423 2810 1527 2868 autem

218 2906 305 2987 regio
329 2905 444 2969 dicitur
466 2903 638 2987 Magedena
661 2905 742 2968 circa
766 2904 923 2968 Gerasam.

167 3303 201 3356 25
644 3289 692 3353 De
714 3289 853 3373 quinque
875 3287 964 3354 libris
987 3290 1098 3371 Moysi.

303 3441 387 3506 Naid
410 3447 492 3506 terra
514 3442 545 3504 in
569 3463 630 3525 qua
651 3440 807 3504 habitauit
830 3437 916 3503 Cain.
958 3441 1093 3504 uertitur
1115 3445 1219 3504 autem
1241 3441 1274 3503 in
1298 3431 1411 3518 σάλον,
1433 3445 1466 3503 al
1486 3451 1528 3503 est

218 3555 332 3608 molum
354 3547 418 3606 sicce
440 3546 671 3621 fluctuationem.

305 3777 343 3831 lo
361 3777 416 3844 vgl.
437 3775 509 3828 Hier.
529 3791 626 3828 comm.
645 3775 674 3827 in
692 3773 730 3827 Ea
749 3775 789 3839 27,
809 3775 842 3828 18
950 3774 987 3828 14
1008 3774 1061 3842 vgl.
1080 3773 1153 3828 Hier.
1173 3791 1269 3828 comm.
1288 3774 1317 3827 in
1335 3773 1409 3827 Mich
1426 3773 1523 3842 prael:

218 3877 364 3942 Morasthi‚
391 3877 437 3945 qui
464 3893 549 3944 usqne
567 3875 649 3930 hodie
667 3876 744 3928 iuxta
762 3875 997 3945 Eleutheropolim
1015 3875 1110 3930 urbem
1129 3874 1302 3929 Palaestinae
1320 3875 1394 3928 haud
1412 3874 1523 3944 grandis

218 3983 258 4032 eat
275 3979 393 4039 ciculum
413 3995 453 4048 ep.
473 3979 530 4044 108,
551 3981 594 4031 14:
622 3977 784 4031 Morasthim
802 3977 957 4047 sepulcrum
975 3976 1114 4046 quondam
1132 3977 1255 4031 Micheas
1272 3975 1433 4046 prophetae,
1451 3993 1523 4029 nunc

218 4081 362 4135 ecclesiam
461 4079 498 4134 al
521 4079 574 4148 vgl.
594 4079 664 4132 Hier.
684 4096 781 4132 comm.
800 4079 829 4132 in
848 4083 931 4134 Amos
950 4079 973 4142 2,
993 4079 1060 4132 lli:
1079 4078 1184 4132 idolum
1202 4077 1432 4142 Ammonitarum‚
1450 4077 1523 4144 quod

216 4184 331 4238 uocatur
348 4183 485 4236 Melchom

304 4417 455 4473 lMeloA
527 4417 940 4486 lorezeoh1011÷aieensrl
1025 4416 1061 4470 11
1081 4414 1230 4468 Marimoth
1249 4415 1281 4467 H
1347 4413 1384 4467 19
1403 4413 1479 4466 Mosa
1497 4411 1526 4464 ll

219 4518 822 4588 alnlerchon(A)0Meleoni.(d01umlrr
878 4517 1034 4587 lleremias]
1054 4525 1085 4580 -l-
1105 4517 1137 4570 de
1155 4513 1371 4585 Euangeliich
1433 4515 1470 4568 25
1491 4513 1523 4567 de

217 4624 384 4677 l'entateuoo
403 4621 499 4692 (B*)B¹
