<?xml version="1.0" encoding="UTF-8"?>
<!DOCTYPE html PUBLIC "-//W3C//DTD XHTML 1.0 Transitional//EN"
    "http://www.w3.org/TR/xhtml1/DTD/xhtml1-transitional.dtd">
<html xmlns="http://www.w3.org/1999/xhtml" xml:lang="en" lang="en">
 <head>
  <title>
</title>
<meta http-equiv="Content-Type" content="text/html;charset=utf-8" />
  <meta name='ocr-system' content='tesseract 3.04.00' />
  <meta name='ocr-capabilities' content='ocr_page ocr_carea ocr_par ocr_line ocrx_word'/>
</head>
<body>
  <div class='ocr_page' id='page_1' title='image "./diegriechischen02religoog/diegriechischen02religoog_0221.png"; bbox 0 0 3750 5540; ppageno 0'>
   <div class='ocr_carea' id='block_1_1' title="bbox 784 518 1532 592">
    <p class='ocr_par' dir='ltr' id='par_1_1' title="bbox 784 518 1532 592">
     <span class='ocr_line' id='line_1_1' title="bbox 784 518 1532 592; baseline 0.003 -21"><span class='ocrx_word' id='word_1_1' title='bbox 784 518 973 588; x_wconf 79' lang='lat' dir='ltr'><strong>Hieronymus.</strong></span> <span class='ocrx_word' id='word_1_2' title='bbox 1475 531 1532 592; x_wconf 78' lang='lat'><strong>163</strong></span> 
     </span>
    </p>
   </div>
   <div class='ocr_carea' id='block_1_2' title="bbox 130 681 1533 1567">
    <p class='ocr_par' dir='ltr' id='par_1_2' title="bbox 130 681 1533 868">
     <span class='ocr_line' id='line_1_2' title="bbox 130 681 1533 771; baseline 0.009 -29"><span class='ocrx_word' id='word_1_3' title='bbox 130 685 213 743; x_wconf 72' lang='lat' dir='ltr'><strong>Aca</strong></span> <span class='ocrx_word' id='word_1_4' title='bbox 309 681 440 767; x_wconf 86' lang='lat' dir='ltr'><strong>Sarepta</strong></span> <span class='ocrx_word' id='word_1_5' title='bbox 462 685 647 768; x_wconf 87' lang='lat' dir='ltr'>oppidulum</span> <span class='ocrx_word' id='word_1_6' title='bbox 669 685 870 751; x_wconf 86' lang='lat' dir='ltr'>Sidoniorum</span> <span class='ocrx_word' id='word_1_7' title='bbox 890 689 925 753; x_wconf 91' lang='lat' dir='ltr'><strong>in</strong></span> <span class='ocrx_word' id='word_1_8' title='bbox 946 686 998 752; x_wconf 88' lang='lat' dir='ltr'><strong>uia</strong></span> <span class='ocrx_word' id='word_1_9' title='bbox 1019 688 1147 771; x_wconf 87' lang='lat' dir='ltr'><strong>publica</strong></span> <span class='ocrx_word' id='word_1_10' title='bbox 1168 688 1276 768; x_wconf 89' lang='lat' dir='ltr'><strong>situm,</strong></span> <span class='ocrx_word' id='word_1_11' title='bbox 1303 689 1357 752; x_wconf 92' lang='lat' dir='ltr'><strong>ubi</strong></span> <span class='ocrx_word' id='word_1_12' title='bbox 1379 689 1533 755; x_wconf 90' lang='lat' dir='ltr'><strong>habitauit</strong></span> 
     </span>
     <span class='ocr_line' id='line_1_3' title="bbox 226 783 502 868; baseline 0 -20"><span class='ocrx_word' id='word_1_13' title='bbox 226 787 386 868; x_wconf 90' lang='lat' dir='ltr'><strong>quondam</strong></span> <span class='ocrx_word' id='word_1_14' title='bbox 407 783 502 848; x_wconf 89' lang='lat' dir='ltr'><strong>Elias.</strong></span> 
     </span>
    </p>

    <p class='ocr_par' dir='ltr' id='par_1_3' title="bbox 307 882 1531 970">
     <span class='ocr_line' id='line_1_4' title="bbox 307 882 1531 970; baseline 0.006 -23"><span class='ocrx_word' id='word_1_15' title='bbox 307 882 418 962; x_wconf 91' lang='lat' dir='ltr'><strong>Saron,</strong></span> <span class='ocrx_word' id='word_1_16' title='bbox 439 884 528 948; x_wconf 88' lang='lat' dir='ltr'><strong>ouius</strong></span> <span class='ocrx_word' id='word_1_17' title='bbox 551 889 582 948; x_wconf 90' lang='lat' dir='ltr'><strong>et</strong></span> <span class='ocrx_word' id='word_1_18' title='bbox 603 884 713 950; x_wconf 80' lang='lat' dir='ltr'><strong>Esaias</strong></span> <span class='ocrx_word' id='word_1_19' title='bbox 735 887 878 950; x_wconf 92' lang='lat' dir='ltr'><strong>meminit</strong></span> <span class='ocrx_word' id='word_1_20' title='bbox 900 888 1018 951; x_wconf 87' lang='lat' dir='ltr'><strong>dicens:</strong></span> <span class='ocrx_word' id='word_1_21' title='bbox 1053 888 1103 950; x_wconf 79' lang='lat' dir='ltr'><strong>»in</strong></span> <span class='ocrx_word' id='word_1_22' title='bbox 1124 886 1255 970; x_wconf 88' lang='lat' dir='ltr'><strong>paludes</strong></span> <span class='ocrx_word' id='word_1_23' title='bbox 1276 910 1387 954; x_wconf 89' lang='lat' dir='ltr'><strong>uersus</strong></span> <span class='ocrx_word' id='word_1_24' title='bbox 1409 894 1457 954; x_wconf 92' lang='lat' dir='ltr'><strong>est</strong></span> <span class='ocrx_word' id='word_1_25' title='bbox 1475 889 1531 954; x_wconf 90' lang='lat' dir='ltr'><strong>Sa-</strong></span> 
     </span>
    </p>

    <p class='ocr_par' dir='ltr' id='par_1_4' title="bbox 222 982 1532 1070">
     <span class='ocr_line' id='line_1_5' title="bbox 222 982 1532 1070; baseline 0.007 -24"><span class='ocrx_word' id='word_1_26' title='bbox 222 1006 308 1049; x_wconf 83' lang='lat' dir='ltr'><strong>ron«.</strong></span> <span class='ocrx_word' id='word_1_27' title='bbox 350 1005 451 1067; x_wconf 90' lang='lat' dir='ltr'><strong>usque</strong></span> <span class='ocrx_word' id='word_1_28' title='bbox 472 982 506 1047; x_wconf 90' lang='lat' dir='ltr'><strong>in</strong></span> <span class='ocrx_word' id='word_1_29' title='bbox 527 989 723 1066; x_wconf 75' lang='lat' dir='ltr'><strong>praesentem</strong></span> <span class='ocrx_word' id='word_1_30' title='bbox 745 991 850 1050; x_wconf 89' lang='lat' dir='ltr'><strong>autem</strong></span> <span class='ocrx_word' id='word_1_31' title='bbox 872 987 954 1051; x_wconf 92' lang='lat' dir='ltr'><strong>diem</strong></span> <span class='ocrx_word' id='word_1_32' title='bbox 981 987 1068 1070; x_wconf 82' lang='lat' dir='ltr'><strong>regio</strong></span> <span class='ocrx_word' id='word_1_33' title='bbox 1090 987 1171 1050; x_wconf 89' lang='lat' dir='ltr'><strong>inter</strong></span> <span class='ocrx_word' id='word_1_34' title='bbox 1191 992 1332 1052; x_wconf 89' lang='lat' dir='ltr'><strong>montem</strong></span> <span class='ocrx_word' id='word_1_35' title='bbox 1353 987 1478 1054; x_wconf 83' lang='lat' dir='ltr'>Thabor</span> <span class='ocrx_word' id='word_1_36' title='bbox 1501 996 1532 1055; x_wconf 91' lang='lat' dir='ltr'><strong>et</strong></span> 
     </span>
    </p>

    <p class='ocr_par' dir='ltr' id='par_1_5' title="bbox 187 1082 1531 1268">
     <span class='ocr_line' id='line_1_6' title="bbox 187 1082 1531 1169; baseline 0.005 -22"><span class='ocrx_word' id='word_1_37' title='bbox 187 1088 368 1167; x_wconf 76' lang='lat' dir='ltr'><strong>ostagnum</strong></span> <span class='ocrx_word' id='word_1_38' title='bbox 392 1082 566 1148; x_wconf 78' lang='lat' dir='ltr'><strong>Tiberiadis</strong></span> <span class='ocrx_word' id='word_1_39' title='bbox 589 1083 723 1150; x_wconf 90' lang='lat' dir='ltr'><strong>Saronas</strong></span> <span class='ocrx_word' id='word_1_40' title='bbox 754 1085 937 1169; x_wconf 88' lang='lat' dir='ltr'><strong>appellatur.</strong></span> <span class='ocrx_word' id='word_1_41' title='bbox 980 1089 1034 1151; x_wconf 89' lang='lat' dir='ltr'><strong>sed</strong></span> <span class='ocrx_word' id='word_1_42' title='bbox 1066 1090 1099 1149; x_wconf 89' lang='lat' dir='ltr'><strong>et</strong></span> <span class='ocrx_word' id='word_1_43' title='bbox 1119 1108 1138 1150; x_wconf 90' lang='lat' dir='ltr'><strong>a</strong></span> <span class='ocrx_word' id='word_1_44' title='bbox 1160 1085 1311 1151; x_wconf 81' lang='lat' dir='ltr'><strong>Caesarea</strong></span> <span class='ocrx_word' id='word_1_45' title='bbox 1332 1087 1531 1154; x_wconf 79' lang='lat' dir='ltr'><strong>Palaestinae</strong></span> 
     </span>
     <span class='ocr_line' id='line_1_7' title="bbox 220 1183 1479 1268; baseline 0.003 -20"><span class='ocrx_word' id='word_1_46' title='bbox 220 1204 321 1266; x_wconf 89' lang='lat' dir='ltr'><strong>usque</strong></span> <span class='ocrx_word' id='word_1_47' title='bbox 344 1187 383 1247; x_wconf 90' lang='lat' dir='ltr'><strong>ad</strong></span> <span class='ocrx_word' id='word_1_48' title='bbox 406 1184 557 1266; x_wconf 91' lang='lat' dir='ltr'><strong>oppidum</strong></span> <span class='ocrx_word' id='word_1_49' title='bbox 579 1183 677 1266; x_wconf 91' lang='lat' dir='ltr'><strong>Ioppe</strong></span> <span class='ocrx_word' id='word_1_50' title='bbox 699 1185 801 1248; x_wconf 89' lang='lat' dir='ltr'><strong>omnis</strong></span> <span class='ocrx_word' id='word_1_51' title='bbox 824 1188 907 1248; x_wconf 89' lang='lat' dir='ltr'><strong>terra</strong></span> <span class='ocrx_word' id='word_1_52' title='bbox 929 1207 1010 1268; x_wconf 89' lang='lat' dir='ltr'><strong>quae</strong></span> <span class='ocrx_word' id='word_1_53' title='bbox 1033 1185 1178 1264; x_wconf 90' lang='lat' dir='ltr'><strong>cernitur,</strong></span> <span class='ocrx_word' id='word_1_54' title='bbox 1200 1186 1314 1250; x_wconf 87' lang='lat' dir='ltr'><strong>dicitur</strong></span> <span class='ocrx_word' id='word_1_55' title='bbox 1336 1186 1479 1252; x_wconf 86' lang='lat' dir='ltr'><strong>Saronas.</strong></span> 
     </span>
    </p>

    <p class='ocr_par' dir='ltr' id='par_1_6' title="bbox 305 1283 1530 1368">
     <span class='ocr_line' id='line_1_8' title="bbox 305 1283 1530 1368; baseline 0.006 -21"><span class='ocrx_word' id='word_1_56' title='bbox 305 1283 417 1361; x_wconf 87' lang='lat' dir='ltr'><strong>Sefela,</strong></span> <span class='ocrx_word' id='word_1_57' title='bbox 439 1283 521 1346; x_wconf 88' lang='lat' dir='ltr'><strong>sicut</strong></span> <span class='ocrx_word' id='word_1_58' title='bbox 535 1283 644 1348; x_wconf 77' lang='lat' dir='ltr'><strong>scribit</strong></span> <span class='ocrx_word' id='word_1_59' title='bbox 659 1283 777 1348; x_wconf 80' lang='lat' dir='ltr'><strong>Esaias.</strong></span> <span class='ocrx_word' id='word_1_60' title='bbox 799 1307 856 1366; x_wconf 91' lang='lat' dir='ltr'><strong>pro</strong></span> <span class='ocrx_word' id='word_1_61' title='bbox 872 1305 935 1366; x_wconf 88' lang='lat' dir='ltr'><strong>quo</strong></span> <span class='ocrx_word' id='word_1_62' title='bbox 951 1283 1069 1367; x_wconf 87' lang='lat' dir='ltr'><strong>Aquila</strong></span> <span class='ocrx_word' id='word_1_63' title='bbox 1084 1290 1299 1368; x_wconf 79' lang='lat' dir='ltr'><strong>campestrem,</strong></span> <span class='ocrx_word' id='word_1_64' title='bbox 1322 1285 1530 1368; x_wconf 79' lang='lat' dir='ltr'><strong>Symmachus</strong></span> 
     </span>
    </p>

    <p class='ocr_par' dir='ltr' id='par_1_7' title="bbox 218 1382 1529 1470">
     <span class='ocr_line' id='line_1_9' title="bbox 218 1382 1529 1470; baseline 0.005 -24"><span class='ocrx_word' id='word_1_65' title='bbox 218 1382 335 1447; x_wconf 88' lang='lat' dir='ltr'><strong>uallem</strong></span> <span class='ocrx_word' id='word_1_66' title='bbox 365 1383 596 1465; x_wconf 87' lang='lat' dir='ltr'><strong>interpretatur.</strong></span> <span class='ocrx_word' id='word_1_67' title='bbox 640 1405 741 1468; x_wconf 92' lang='lat' dir='ltr'><strong>usque</strong></span> <span class='ocrx_word' id='word_1_68' title='bbox 772 1384 866 1449; x_wconf 90' lang='lat' dir='ltr'><strong>hodie</strong></span> <span class='ocrx_word' id='word_1_69' title='bbox 897 1384 998 1446; x_wconf 91' lang='lat' dir='ltr'><strong>omnis</strong></span> <span class='ocrx_word' id='word_1_70' title='bbox 1029 1382 1117 1466; x_wconf 84' lang='lat' dir='ltr'><strong>regio</strong></span> <span class='ocrx_word' id='word_1_71' title='bbox 1149 1383 1237 1447; x_wconf 86' lang='lat' dir='ltr'><strong>iuxta</strong></span> <span class='ocrx_word' id='word_1_72' title='bbox 1258 1383 1529 1470; x_wconf 85' lang='lat' dir='ltr'><strong>Eleutheropolim</strong></span> 
     </span>
    </p>

    <p class='ocr_par' dir='ltr' id='par_1_8' title="bbox 219 1481 1529 1567">
     <span class='ocr_line' id='line_1_10' title="bbox 219 1481 1529 1567; baseline 0.003 -21"><span class='ocrx_word' id='word_1_73' title='bbox 219 1481 401 1564; x_wconf 90' lang='lat' dir='ltr'><strong>campestris</strong></span> <span class='ocrx_word' id='word_1_74' title='bbox 433 1487 465 1546; x_wconf 86' lang='lat' dir='ltr'><strong>et</strong></span> <span class='ocrx_word' id='word_1_75' title='bbox 492 1481 587 1564; x_wconf 89' lang='lat' dir='ltr'><strong>plana</strong></span> <span class='ocrx_word' id='word_1_76' title='bbox 617 1503 697 1565; x_wconf 88' lang='lat' dir='ltr'><strong>quae</strong></span> <span class='ocrx_word' id='word_1_77' title='bbox 728 1484 832 1567; x_wconf 79' lang='lat' dir='ltr'><strong>uergit</strong></span> <span class='ocrx_word' id='word_1_78' title='bbox 862 1487 900 1547; x_wconf 90' lang='lat' dir='ltr'><strong>ad</strong></span> <span class='ocrx_word' id='word_1_79' title='bbox 932 1482 1112 1566; x_wconf 87' lang='lat' dir='ltr'><strong>aquilonem</strong></span> <span class='ocrx_word' id='word_1_80' title='bbox 1143 1488 1174 1546; x_wconf 93' lang='lat' dir='ltr'><strong>et</strong></span> <span class='ocrx_word' id='word_1_81' title='bbox 1204 1482 1397 1550; x_wconf 87' lang='lat' dir='ltr'><strong>occidentem</strong></span> <span class='ocrx_word' id='word_1_82' title='bbox 1425 1485 1529 1552; x_wconf 79' lang='lat' dir='ltr'><strong>Seteia</strong></span> 
     </span>
    </p>
   </div>
   <div class='ocr_carea' id='block_1_3' title="bbox 167 1581 1526 2262">
    <p class='ocr_par' dir='ltr' id='par_1_9' title="bbox 167 1581 1526 2262">
     <span class='ocr_line' id='line_1_11' title="bbox 170 1581 342 1646; baseline 0.006 -3"><span class='ocrx_word' id='word_1_83' title='bbox 170 1581 342 1646; x_wconf 78' lang='lat' dir='ltr'><strong>iudicitur.</strong></span> 
     </span>
     <span class='ocr_line' id='line_1_12' title="bbox 303 1679 1526 1766; baseline 0.006 -22"><span class='ocrx_word' id='word_1_84' title='bbox 303 1679 452 1760; x_wconf 89' lang='lat' dir='ltr'><strong>Sennaar,</strong></span> <span class='ocrx_word' id='word_1_85' title='bbox 467 1703 524 1764; x_wconf 91' lang='lat' dir='ltr'><strong>pro</strong></span> <span class='ocrx_word' id='word_1_86' title='bbox 540 1703 603 1766; x_wconf 92' lang='lat' dir='ltr'><strong>quo</strong></span> <span class='ocrx_word' id='word_1_87' title='bbox 619 1681 736 1764; x_wconf 88' lang='lat' dir='ltr'><strong>Aquila</strong></span> <span class='ocrx_word' id='word_1_88' title='bbox 752 1679 915 1759; x_wconf 89' lang='lat' dir='ltr'><strong>Sennaam,</strong></span> <span class='ocrx_word' id='word_1_89' title='bbox 931 1680 1140 1764; x_wconf 81' lang='lat' dir='ltr'><strong>Symmachus</strong></span> <span class='ocrx_word' id='word_1_90' title='bbox 1154 1680 1378 1764; x_wconf 88' lang='lat' dir='ltr'><strong>interpretatur</strong></span> <span class='ocrx_word' id='word_1_91' title='bbox 1390 1686 1526 1751; x_wconf 89' lang='lat' dir='ltr'><strong>uberem.</strong></span> 
     </span>
     <span class='ocr_line' id='line_1_13' title="bbox 218 1779 809 1864; baseline -0.002 -20"><span class='ocrx_word' id='word_1_92' title='bbox 218 1779 362 1844; x_wconf 92' lang='lat' dir='ltr'><strong>meminit</strong></span> <span class='ocrx_word' id='word_1_93' title='bbox 383 1781 475 1845; x_wconf 89' lang='lat' dir='ltr'><strong>huius</strong></span> <span class='ocrx_word' id='word_1_94' title='bbox 497 1781 656 1846; x_wconf 86' lang='lat' dir='ltr'><strong>Michaeas</strong></span> <span class='ocrx_word' id='word_1_95' title='bbox 677 1781 809 1864; x_wconf 86' lang='lat' dir='ltr'><strong>profeta.</strong></span> 
     </span>
     <span class='ocr_line' id='line_1_14' title="bbox 303 1879 1133 1964; baseline 0 -20"><span class='ocrx_word' id='word_1_96' title='bbox 303 1879 440 1944; x_wconf 87' lang='lat' dir='ltr'><strong>Sedraoh</strong></span> <span class='ocrx_word' id='word_1_97' title='bbox 462 1885 545 1945; x_wconf 90' lang='lat' dir='ltr'><strong>terra</strong></span> <span class='ocrx_word' id='word_1_98' title='bbox 565 1880 723 1944; x_wconf 90' lang='lat' dir='ltr'><strong>Damasci.</strong></span> <span class='ocrx_word' id='word_1_99' title='bbox 765 1880 900 1964; x_wconf 81' lang='lat' dir='ltr'><strong>legimus</strong></span> <span class='ocrx_word' id='word_1_100' title='bbox 922 1880 955 1943; x_wconf 92' lang='lat' dir='ltr'><strong>in</strong></span> <span class='ocrx_word' id='word_1_101' title='bbox 977 1879 1133 1944; x_wconf 80' lang='lat' dir='ltr'><strong>Zacharia</strong></span> 
     </span>
     <span class='ocr_line' id='line_1_15' title="bbox 300 1978 797 2045; baseline 0.002 -3"><span class='ocrx_word' id='word_1_102' title='bbox 300 1978 376 2044; x_wconf 87' lang='lat' dir='ltr'><strong>Sion</strong></span> <span class='ocrx_word' id='word_1_103' title='bbox 398 2002 489 2045; x_wconf 91' lang='lat' dir='ltr'><strong>mons</strong></span> <span class='ocrx_word' id='word_1_104' title='bbox 510 1981 598 2044; x_wconf 90' lang='lat' dir='ltr'><strong>urbis</strong></span> <span class='ocrx_word' id='word_1_105' title='bbox 620 1978 797 2044; x_wconf 87' lang='lat' dir='ltr'><strong>ierusalem.</strong></span> 
     </span>
     <span class='ocr_line' id='line_1_16' title="bbox 167 2077 1524 2165; baseline 0.005 -25"><span class='ocrx_word' id='word_1_106' title='bbox 167 2090 199 2143; x_wconf 84' lang='lat'><strong>15</strong></span> <span class='ocrx_word' id='word_1_107' title='bbox 299 2077 441 2144; x_wconf 85' lang='lat' dir='ltr'><strong>Samaria</strong></span> <span class='ocrx_word' id='word_1_108' title='bbox 472 2079 583 2144; x_wconf 90' lang='lat' dir='ltr'><strong>ciuitas</strong></span> <span class='ocrx_word' id='word_1_109' title='bbox 613 2078 728 2161; x_wconf 86' lang='lat' dir='ltr'><strong>regalis</strong></span> <span class='ocrx_word' id='word_1_110' title='bbox 757 2078 791 2141; x_wconf 91' lang='lat' dir='ltr'><strong>in</strong></span> <span class='ocrx_word' id='word_1_111' title='bbox 812 2077 921 2157; x_wconf 88' lang='lat' dir='ltr'><strong>lsrael,</strong></span> <span class='ocrx_word' id='word_1_112' title='bbox 952 2099 1032 2162; x_wconf 88' lang='lat' dir='ltr'><strong>quae</strong></span> <span class='ocrx_word' id='word_1_113' title='bbox 1062 2100 1145 2143; x_wconf 90' lang='lat' dir='ltr'><strong>nunc</strong></span> <span class='ocrx_word' id='word_1_114' title='bbox 1168 2078 1297 2145; x_wconf 83' lang='lat' dir='ltr'><strong>Sebaste</strong></span> <span class='ocrx_word' id='word_1_115' title='bbox 1318 2089 1524 2165; x_wconf 89' lang='lat' dir='ltr'><strong>nuncupatur.</strong></span> 
     </span>
     <span class='ocr_line' id='line_1_17' title="bbox 216 2177 1524 2262; baseline 0.004 -21"><span class='ocrx_word' id='word_1_116' title='bbox 216 2181 272 2242; x_wconf 90' lang='lat' dir='ltr'><strong>sed</strong></span> <span class='ocrx_word' id='word_1_117' title='bbox 302 2183 333 2242; x_wconf 91' lang='lat' dir='ltr'><strong>et</strong></span> <span class='ocrx_word' id='word_1_118' title='bbox 363 2179 465 2244; x_wconf 91' lang='lat' dir='ltr'><strong>omnis</strong></span> <span class='ocrx_word' id='word_1_119' title='bbox 494 2179 582 2262; x_wconf 84' lang='lat' dir='ltr'><strong>regio</strong></span> <span class='ocrx_word' id='word_1_120' title='bbox 614 2200 694 2262; x_wconf 91' lang='lat' dir='ltr'><strong>quae</strong></span> <span class='ocrx_word' id='word_1_121' title='bbox 726 2179 808 2242; x_wconf 87' lang='lat' dir='ltr'><strong>circo</strong></span> <span class='ocrx_word' id='word_1_122' title='bbox 838 2200 907 2241; x_wconf 91' lang='lat' dir='ltr'><strong>eam</strong></span> <span class='ocrx_word' id='word_1_123' title='bbox 932 2177 1005 2256; x_wconf 87' lang='lat' dir='ltr'><strong>fuit,</strong></span> <span class='ocrx_word' id='word_1_124' title='bbox 1038 2178 1207 2242; x_wconf 85' lang='lat' dir='ltr'><strong>aciuitate</strong></span> <span class='ocrx_word' id='word_1_125' title='bbox 1229 2182 1389 2262; x_wconf 89' lang='lat' dir='ltr'><strong>quondam</strong></span> <span class='ocrx_word' id='word_1_126' title='bbox 1410 2204 1524 2248; x_wconf 91' lang='lat' dir='ltr'><strong>nomen</strong></span> 
     </span>
    </p>
   </div>
   <div class='ocr_carea' id='block_1_4' title="bbox 215 2283 1240 2460">
    <p class='ocr_par' dir='ltr' id='par_1_10' title="bbox 215 2283 1240 2460">
     <span class='ocr_line' id='line_1_18' title="bbox 215 2283 1240 2460; baseline 0.024 -29"><span class='ocrx_word' id='word_1_127' title='bbox 215 2283 492 2459; x_wconf 37' lang='lat' dir='ltr'><strong>accerrffitffiyms’</strong></span> <span class='ocrx_word' id='word_1_128' title='bbox 514 2377 699 2460; x_wconf 86' lang='lat' dir='ltr'><strong>metropolis</strong></span> <span class='ocrx_word' id='word_1_129' title='bbox 722 2376 871 2442; x_wconf 84' lang='lat' dir='ltr'><strong>Foenices</strong></span> <span class='ocrx_word' id='word_1_130' title='bbox 892 2375 926 2439; x_wconf 89' lang='lat' dir='ltr'><strong>in</strong></span> <span class='ocrx_word' id='word_1_131' title='bbox 948 2375 1031 2441; x_wconf 90' lang='lat' dir='ltr'><strong>tribu</strong></span> <span class='ocrx_word' id='word_1_132' title='bbox 1054 2375 1240 2443; x_wconf 79' lang='lat' dir='ltr'><strong>Nefthalim·</strong></span> 
     </span>
    </p>
   </div>
   <div class='ocr_carea' id='block_1_5' title="bbox 297 2475 1614 2854">
    <p class='ocr_par' dir='ltr' id='par_1_11' title="bbox 299 2475 1152 2555">
     <span class='ocr_line' id='line_1_19' title="bbox 299 2475 1152 2555; baseline 0.002 -15"><span class='ocrx_word' id='word_1_133' title='bbox 299 2476 400 2543; x_wconf 90' lang='lat' dir='ltr'><strong>Scene</strong></span> <span class='ocrx_word' id='word_1_134' title='bbox 423 2476 536 2542; x_wconf 88' lang='lat' dir='ltr'><strong>ciuitas</strong></span> <span class='ocrx_word' id='word_1_135' title='bbox 558 2476 736 2555; x_wconf 85' lang='lat' dir='ltr'><strong>Thebaidis,</strong></span> <span class='ocrx_word' id='word_1_136' title='bbox 758 2476 840 2541; x_wconf 91' lang='lat' dir='ltr'><strong>sicut</strong></span> <span class='ocrx_word' id='word_1_137' title='bbox 862 2475 971 2539; x_wconf 91' lang='lat' dir='ltr'><strong>scribit</strong></span> <span class='ocrx_word' id='word_1_138' title='bbox 991 2475 1152 2542; x_wconf 88' lang='lat' dir='ltr'><strong>iezechiel.</strong></span> 
     </span>
    </p>

    <p class='ocr_par' dir='ltr' id='par_1_12' title="bbox 298 2573 1614 2754">
     <span class='ocr_line' id='line_1_20' title="bbox 298 2573 1614 2663; baseline 0.003 -23"><span class='ocrx_word' id='word_1_139' title='bbox 298 2575 367 2640; x_wconf 88' lang='lat' dir='ltr'><strong>Sais</strong></span> <span class='ocrx_word' id='word_1_140' title='bbox 389 2577 500 2640; x_wconf 88' lang='lat' dir='ltr'><strong>ciuitas</strong></span> <span class='ocrx_word' id='word_1_141' title='bbox 515 2576 664 2659; x_wconf 83' lang='lat' dir='ltr'><strong>Aegypti,</strong></span> <span class='ocrx_word' id='word_1_142' title='bbox 686 2577 774 2640; x_wconf 89' lang='lat' dir='ltr'><strong>cuius</strong></span> <span class='ocrx_word' id='word_1_143' title='bbox 789 2574 931 2639; x_wconf 90' lang='lat' dir='ltr'><strong>meminit</strong></span> <span class='ocrx_word' id='word_1_144' title='bbox 946 2573 1105 2640; x_wconf 85' lang='lat' dir='ltr'><strong>iezechiel.</strong></span> <span class='ocrx_word' id='word_1_145' title='bbox 1138 2598 1157 2639; x_wconf 90' lang='lat' dir='ltr'><strong>a</strong></span> <span class='ocrx_word' id='word_1_146' title='bbox 1172 2599 1235 2661; x_wconf 91' lang='lat' dir='ltr'><strong>qua</strong></span> <span class='ocrx_word' id='word_1_147' title='bbox 1250 2581 1282 2641; x_wconf 87' lang='lat' dir='ltr'><strong>st</strong></span> <span class='ocrx_word' id='word_1_148' title='bbox 1296 2576 1397 2642; x_wconf 87' lang='lat' dir='ltr'><strong>Saites</strong></span> <span class='ocrx_word' id='word_1_149' title='bbox 1412 2600 1521 2663; x_wconf 83' lang='lat' dir='ltr'><strong>pagus.</strong></span> <span class='ocrx_word' id='word_1_150' title='bbox 1611 2625 1614 2630; x_wconf 92' lang='lat'>-</span> 
     </span>
     <span class='ocr_line' id='line_1_21' title="bbox 298 2673 1159 2754; baseline -0.002 -14"><span class='ocrx_word' id='word_1_151' title='bbox 298 2673 409 2740; x_wconf 85' lang='lat' dir='ltr'><strong>Sedala</strong></span> <span class='ocrx_word' id='word_1_152' title='bbox 431 2675 583 2740; x_wconf 87' lang='lat' dir='ltr'><strong>terminus</strong></span> <span class='ocrx_word' id='word_1_153' title='bbox 604 2674 745 2754; x_wconf 86' lang='lat' dir='ltr'><strong>iudaeae,</strong></span> <span class='ocrx_word' id='word_1_154' title='bbox 767 2676 848 2740; x_wconf 90' lang='lat' dir='ltr'><strong>sicut</strong></span> <span class='ocrx_word' id='word_1_155' title='bbox 869 2674 978 2739; x_wconf 90' lang='lat' dir='ltr'><strong>scribit</strong></span> <span class='ocrx_word' id='word_1_156' title='bbox 999 2674 1159 2740; x_wconf 88' lang='lat' dir='ltr'><strong>iezechiel.</strong></span> 
     </span>
    </p>

    <p class='ocr_par' dir='ltr' id='par_1_13' title="bbox 297 2773 1373 2854">
     <span class='ocr_line' id='line_1_22' title="bbox 297 2773 1373 2854; baseline 0.001 -15"><span class='ocrx_word' id='word_1_157' title='bbox 297 2774 441 2840; x_wconf 89' lang='lat' dir='ltr'><strong>Sabarim</strong></span> <span class='ocrx_word' id='word_1_158' title='bbox 462 2775 544 2838; x_wconf 91' lang='lat' dir='ltr'><strong>inter</strong></span> <span class='ocrx_word' id='word_1_159' title='bbox 565 2774 756 2839; x_wconf 90' lang='lat' dir='ltr'><strong>Damascum</strong></span> <span class='ocrx_word' id='word_1_160' title='bbox 780 2779 811 2840; x_wconf 88' lang='lat' dir='ltr'><strong>at</strong></span> <span class='ocrx_word' id='word_1_161' title='bbox 831 2773 955 2854; x_wconf 90' lang='lat' dir='ltr'><strong>Emath,</strong></span> <span class='ocrx_word' id='word_1_162' title='bbox 978 2775 1060 2840; x_wconf 91' lang='lat' dir='ltr'><strong>sicut</strong></span> <span class='ocrx_word' id='word_1_163' title='bbox 1081 2776 1191 2840; x_wconf 88' lang='lat' dir='ltr'><strong>scribit</strong></span> <span class='ocrx_word' id='word_1_164' title='bbox 1212 2775 1373 2841; x_wconf 86' lang='lat' dir='ltr'><strong>iezechiel.</strong></span> 
     </span>
    </p>
   </div>
   <div class='ocr_carea' id='block_1_6' title="bbox 211 2972 1519 3137">
    <p class='ocr_par' dir='ltr' id='par_1_14' title="bbox 211 2972 1519 3137">
     <span class='ocr_line' id='line_1_23' title="bbox 211 2972 1519 3136; baseline 0.004 -100"><span class='ocrx_word' id='word_1_165' title='bbox 211 3071 226 3136; x_wconf 83' lang='lat'>1</span> <span class='ocrx_word' id='word_1_166' title='bbox 297 2972 404 3052; x_wconf 89' lang='lat' dir='ltr'><strong>Salisa,</strong></span> <span class='ocrx_word' id='word_1_167' title='bbox 434 2995 492 3056; x_wconf 89' lang='lat' dir='ltr'><strong>pro</strong></span> <span class='ocrx_word' id='word_1_168' title='bbox 526 2995 588 3057; x_wconf 89' lang='lat' dir='ltr'><strong>quo</strong></span> <span class='ocrx_word' id='word_1_169' title='bbox 616 2973 735 3056; x_wconf 85' lang='lat' dir='ltr'><strong>Aquila</strong></span> <span class='ocrx_word' id='word_1_170' title='bbox 764 2975 989 3056; x_wconf 86' lang='lat' dir='ltr'><strong>interpretatur</strong></span> <span class='ocrx_word' id='word_1_171' title='bbox 1018 2973 1210 3039; x_wconf 90' lang='lat' dir='ltr'><strong>triennalem.</strong></span> <span class='ocrx_word' id='word_1_172' title='bbox 1253 2976 1396 3040; x_wconf 91' lang='lat' dir='ltr'><strong>meminit</strong></span> <span class='ocrx_word' id='word_1_173' title='bbox 1425 2977 1519 3042; x_wconf 91' lang='lat' dir='ltr'><strong>huius</strong></span> 
     </span>
     <span class='ocr_line' id='line_1_24' title="bbox 228 3094 366 3137; baseline -0.014 0"><span class='ocrx_word' id='word_1_174' title='bbox 228 3094 366 3137; x_wconf 89' lang='lat' dir='ltr'><strong>erem1as.</strong></span> 
     </span>
    </p>
   </div>
   <div class='ocr_carea' id='block_1_7' title="bbox 202 3335 1518 4418">
    <p class='ocr_par' dir='ltr' id='par_1_15' title="bbox 202 3335 1518 4418">
     <span class='ocr_line' id='line_1_25' title="bbox 296 3335 1518 3409; baseline 0.001 -18"><span class='ocrx_word' id='word_1_175' title='bbox 296 3337 310 3391; x_wconf 94' lang='lat'>1</span> <span class='ocrx_word' id='word_1_176' title='bbox 324 3335 465 3407; x_wconf 85' lang='lat' dir='ltr'><strong>vgl.Hier.</strong></span> <span class='ocrx_word' id='word_1_177' title='bbox 475 3353 571 3391; x_wconf 89' lang='lat' dir='ltr'><strong>comm.</strong></span> <span class='ocrx_word' id='word_1_178' title='bbox 581 3336 610 3389; x_wconf 93' lang='lat' dir='ltr'><strong>in</strong></span> <span class='ocrx_word' id='word_1_179' title='bbox 620 3335 758 3406; x_wconf 69' lang='lat' dir='ltr'><strong>Audaci:</strong></span> <span class='ocrx_word' id='word_1_180' title='bbox 768 3336 930 3406; x_wconf 84' lang='lat' dir='ltr'><strong>Sareptham</strong></span> <span class='ocrx_word' id='word_1_181' title='bbox 939 3335 1119 3402; x_wconf 86' lang='lat' dir='ltr'><strong>Sidoniorum,</strong></span> <span class='ocrx_word' id='word_1_182' title='bbox 1129 3336 1177 3390; x_wconf 89' lang='lat' dir='ltr'><strong>ubi</strong></span> <span class='ocrx_word' id='word_1_183' title='bbox 1187 3337 1327 3405; x_wconf 88' lang='lat' dir='ltr'><strong>quondam</strong></span> <span class='ocrx_word' id='word_1_184' title='bbox 1339 3337 1431 3391; x_wconf 84' lang='lat' dir='ltr'><strong>Elium</strong></span> <span class='ocrx_word' id='word_1_185' title='bbox 1440 3339 1518 3409; x_wconf 87' lang='lat' dir='ltr'><strong>pauit</strong></span> 
     </span>
     <span class='ocr_line' id='line_1_26' title="bbox 208 3435 1518 3507; baseline 0.003 -17"><span class='ocrx_word' id='word_1_186' title='bbox 208 3435 293 3491; x_wconf 89' lang='lat' dir='ltr'><strong>uidua</strong></span> <span class='ocrx_word' id='word_1_187' title='bbox 327 3437 387 3492; x_wconf 78' lang='lat' dir='ltr'><strong>Sil.</strong></span> <span class='ocrx_word' id='word_1_188' title='bbox 406 3437 462 3507; x_wconf 79' lang='lat' dir='ltr'><strong>vgl.</strong></span> <span class='ocrx_word' id='word_1_189' title='bbox 473 3437 545 3492; x_wconf 91' lang='lat' dir='ltr'><strong>Hier.</strong></span> <span class='ocrx_word' id='word_1_190' title='bbox 565 3455 662 3492; x_wconf 89' lang='lat' dir='ltr'><strong>comm.</strong></span> <span class='ocrx_word' id='word_1_191' title='bbox 681 3438 710 3490; x_wconf 93' lang='lat' dir='ltr'><strong>in</strong></span> <span class='ocrx_word' id='word_1_192' title='bbox 723 3437 768 3493; x_wconf 89' lang='lat' dir='ltr'><strong>Jes</strong></span> <span class='ocrx_word' id='word_1_193' title='bbox 781 3438 821 3499; x_wconf 85' lang='lat'><strong>33,</strong></span> <span class='ocrx_word' id='word_1_194' title='bbox 835 3440 850 3490; x_wconf 85' lang='lat'>7</span> <span class='ocrx_word' id='word_1_195' title='bbox 856 3437 895 3490; x_wconf 86' lang='lat' dir='ltr'><strong>ff.:</strong></span> <span class='ocrx_word' id='word_1_196' title='bbox 914 3437 1000 3492; x_wconf 86' lang='lat' dir='ltr'><strong>Saron</strong></span> <span class='ocrx_word' id='word_1_197' title='bbox 1018 3437 1062 3506; x_wconf 83' lang='lat' dir='ltr'><strong>(ol.</strong></span> <span class='ocrx_word' id='word_1_198' title='bbox 1076 3437 1203 3505; x_wconf 81' lang='lat' dir='ltr'><strong>Surenas)</strong></span> <span class='ocrx_word' id='word_1_199' title='bbox 1222 3441 1313 3492; x_wconf 84' lang='lat' dir='ltr'><strong>autem</strong></span> <span class='ocrx_word' id='word_1_200' title='bbox 1335 3440 1423 3493; x_wconf 91' lang='lat' dir='ltr'><strong>omnis</strong></span> <span class='ocrx_word' id='word_1_201' title='bbox 1439 3440 1518 3494; x_wconf 84' lang='lat' dir='ltr'><strong>iuxta</strong></span> 
     </span>
     <span class='ocr_line' id='line_1_27' title="bbox 208 3537 1515 3609; baseline 0.002 -17"><span class='ocrx_word' id='word_1_202' title='bbox 208 3539 312 3609; x_wconf 83' lang='lat' dir='ltr'><strong>ioppen</strong></span> <span class='ocrx_word' id='word_1_203' title='bbox 329 3537 500 3606; x_wconf 84' lang='lat' dir='ltr'><strong>Liddamque</strong></span> <span class='ocrx_word' id='word_1_204' title='bbox 518 3539 673 3609; x_wconf 87' lang='lat' dir='ltr'><strong>appellatur</strong></span> <span class='ocrx_word' id='word_1_205' title='bbox 690 3539 774 3608; x_wconf 83' lang='lat' dir='ltr'><strong>regio,</strong></span> <span class='ocrx_word' id='word_1_206' title='bbox 801 3539 830 3592; x_wconf 92' lang='lat' dir='ltr'><strong>in</strong></span> <span class='ocrx_word' id='word_1_207' title='bbox 853 3556 908 3607; x_wconf 86' lang='lat' dir='ltr'><strong>qua</strong></span> <span class='ocrx_word' id='word_1_208' title='bbox 924 3538 1052 3592; x_wconf 87' lang='lat' dir='ltr'><strong>latissimi</strong></span> <span class='ocrx_word' id='word_1_209' title='bbox 1070 3538 1160 3608; x_wconf 90' lang='lat' dir='ltr'><strong>campi</strong></span> <span class='ocrx_word' id='word_1_210' title='bbox 1177 3538 1336 3607; x_wconf 82' lang='lat' dir='ltr'><strong>fertilesque</strong></span> <span class='ocrx_word' id='word_1_211' title='bbox 1352 3541 1515 3607; x_wconf 88' lang='lat' dir='ltr'><strong>tenduntur;</strong></span> 
     </span>
     <span class='ocr_line' id='line_1_28' title="bbox 208 3638 1516 3711; baseline 0.004 -19"><span class='ocrx_word' id='word_1_212' title='bbox 208 3639 262 3708; x_wconf 81' lang='lat' dir='ltr'><strong>vgl.</strong></span> <span class='ocrx_word' id='word_1_213' title='bbox 282 3656 379 3693; x_wconf 88' lang='lat' dir='ltr'><strong>comm.</strong></span> <span class='ocrx_word' id='word_1_214' title='bbox 398 3638 426 3692; x_wconf 92' lang='lat' dir='ltr'><strong>in</strong></span> <span class='ocrx_word' id='word_1_215' title='bbox 444 3639 507 3694; x_wconf 86' lang='lat' dir='ltr'><strong>Abd</strong></span> <span class='ocrx_word' id='word_1_216' title='bbox 525 3642 557 3695; x_wconf 89' lang='grc'><strong>19</strong></span> <span class='ocrx_word' id='word_1_217' title='bbox 633 3640 695 3696; x_wconf 71' lang='lat' dir='ltr'><strong>ss.</strong></span> <span class='ocrx_word' id='word_1_218' title='bbox 711 3640 767 3711; x_wconf 84' lang='lat' dir='ltr'><strong>vgl.</strong></span> <span class='ocrx_word' id='word_1_219' title='bbox 786 3639 858 3693; x_wconf 88' lang='lat' dir='ltr'><strong>Hier.</strong></span> <span class='ocrx_word' id='word_1_220' title='bbox 878 3657 974 3695; x_wconf 87' lang='lat' dir='ltr'><strong>comm.</strong></span> <span class='ocrx_word' id='word_1_221' title='bbox 992 3639 1020 3692; x_wconf 93' lang='lat' dir='ltr'><strong>in</strong></span> <span class='ocrx_word' id='word_1_222' title='bbox 1039 3639 1101 3694; x_wconf 85' lang='lat' dir='ltr'><strong>Abd</strong></span> <span class='ocrx_word' id='word_1_223' title='bbox 1119 3643 1165 3696; x_wconf 87' lang='lat'><strong>19:</strong></span> <span class='ocrx_word' id='word_1_224' title='bbox 1192 3639 1221 3694; x_wconf 91' lang='lat' dir='ltr'><strong>in</strong></span> <span class='ocrx_word' id='word_1_225' title='bbox 1239 3639 1363 3711; x_wconf 86' lang='lat' dir='ltr'><strong>Sephcla,</strong></span> <span class='ocrx_word' id='word_1_226' title='bbox 1380 3641 1409 3694; x_wconf 88' lang='lat' dir='ltr'><strong>id</strong></span> <span class='ocrx_word' id='word_1_227' title='bbox 1428 3646 1470 3696; x_wconf 90' lang='lat' dir='ltr'><strong>est</strong></span> <span class='ocrx_word' id='word_1_228' title='bbox 1487 3644 1516 3697; x_wconf 90' lang='lat' dir='ltr'><strong>in</strong></span> 
     </span>
     <span class='ocr_line' id='line_1_29' title="bbox 207 3739 1513 3811; baseline 0.002 -17"><span class='ocrx_word' id='word_1_229' title='bbox 207 3739 409 3810; x_wconf 88' lang='lat' dir='ltr'><strong>campestribus,</strong></span> <span class='ocrx_word' id='word_1_230' title='bbox 427 3741 544 3794; x_wconf 87' lang='lat' dir='ltr'><strong>Liddam</strong></span> <span class='ocrx_word' id='word_1_231' title='bbox 562 3743 590 3796; x_wconf 90' lang='lat' dir='ltr'><strong>et</strong></span> <span class='ocrx_word' id='word_1_232' title='bbox 606 3741 747 3807; x_wconf 86' lang='lat' dir='ltr'><strong>Emmaus,</strong></span> <span class='ocrx_word' id='word_1_233' title='bbox 764 3741 916 3811; x_wconf 90' lang='lat' dir='ltr'><strong>Diospolim</strong></span> <span class='ocrx_word' id='word_1_234' title='bbox 934 3741 1040 3795; x_wconf 88' lang='lat' dir='ltr'><strong>scilieet</strong></span> <span class='ocrx_word' id='word_1_235' title='bbox 1052 3740 1260 3811; x_wconf 88' lang='lat' dir='ltr'><strong>Nicopolimqus</strong></span> <span class='ocrx_word' id='word_1_236' title='bbox 1272 3742 1430 3811; x_wconf 81' lang='lat' dir='ltr'><strong>significans</strong></span> <span class='ocrx_word' id='word_1_237' title='bbox 1440 3784 1513 3799; x_wconf 92' lang='grc'>.....</span> 
     </span>
     <span class='ocr_line' id='line_1_30' title="bbox 206 3840 1513 3915; baseline 0.002 -19"><span class='ocrx_word' id='word_1_238' title='bbox 206 3840 254 3896; x_wconf 87' lang='lat' dir='ltr'><strong>alii</strong></span> <span class='ocrx_word' id='word_1_239' title='bbox 263 3858 329 3896; x_wconf 92' lang='lat' dir='ltr'><strong>uero</strong></span> <span class='ocrx_word' id='word_1_240' title='bbox 339 3844 438 3911; x_wconf 87' lang='lat' dir='ltr'><strong>putant</strong></span> <span class='ocrx_word' id='word_1_241' title='bbox 447 3859 508 3896; x_wconf 87' lang='lat' dir='ltr'><strong>eam</strong></span> <span class='ocrx_word' id='word_1_242' title='bbox 517 3842 670 3911; x_wconf 79' lang='lat' dir='ltr'><strong>sephelam,</strong></span> <span class='ocrx_word' id='word_1_243' title='bbox 680 3841 708 3894; x_wconf 88' lang='lat' dir='ltr'><strong>id</strong></span> <span class='ocrx_word' id='word_1_244' title='bbox 718 3844 759 3910; x_wconf 88' lang='lat' dir='ltr'><strong>est</strong></span> <span class='ocrx_word' id='word_1_245' title='bbox 769 3845 947 3913; x_wconf 86' lang='lat' dir='ltr'><strong>campestrem</strong></span> <span class='ocrx_word' id='word_1_246' title='bbox 956 3843 1106 3912; x_wconf 80' lang='lat' dir='ltr'><strong>regionem,</strong></span> <span class='ocrx_word' id='word_1_247' title='bbox 1116 3859 1186 3911; x_wconf 89' lang='lat' dir='ltr'><strong>quae</strong></span> <span class='ocrx_word' id='word_1_248' title='bbox 1196 3843 1269 3897; x_wconf 87' lang='lat' dir='ltr'><strong>circa</strong></span> <span class='ocrx_word' id='word_1_249' title='bbox 1277 3842 1513 3915; x_wconf 90' lang='lat' dir='ltr'><strong>Eleutheropolim</strong></span> 
     </span>
     <span class='ocr_line' id='line_1_31' title="bbox 206 3941 1513 4014; baseline 0.003 -18"><span class='ocrx_word' id='word_1_250' title='bbox 206 3944 254 4007; x_wconf 89' lang='lat' dir='ltr'><strong>est,</strong></span> <span class='ocrx_word' id='word_1_251' title='bbox 267 3941 433 4013; x_wconf 86' lang='lat' dir='ltr'><strong>repromitti;</strong></span> <span class='ocrx_word' id='word_1_252' title='bbox 452 3943 526 4011; x_wconf 89' lang='lat' dir='ltr'><strong>quod</strong></span> <span class='ocrx_word' id='word_1_253' title='bbox 538 3943 574 3997; x_wconf 89' lang='lat' dir='ltr'><strong>ad</strong></span> <span class='ocrx_word' id='word_1_254' title='bbox 585 3944 800 3999; x_wconf 87' lang='lat' dir='ltr'><strong>Rhinocoruram</strong></span> <span class='ocrx_word' id='word_1_255' title='bbox 814 3944 888 3998; x_wconf 87' lang='lat' dir='ltr'><strong>etad</strong></span> <span class='ocrx_word' id='word_1_256' title='bbox 902 3961 977 3998; x_wconf 86' lang='lat' dir='ltr'><strong>mars</strong></span> <span class='ocrx_word' id='word_1_257' title='bbox 987 3960 1074 4012; x_wconf 88' lang='lat' dir='ltr'><strong>usque</strong></span> <span class='ocrx_word' id='word_1_258' title='bbox 1091 3943 1230 3998; x_wconf 87' lang='lat' dir='ltr'><strong>tendenda</strong></span> <span class='ocrx_word' id='word_1_259' title='bbox 1243 3944 1279 3998; x_wconf 89' lang='lat' dir='ltr'><strong>sit</strong></span> <span class='ocrx_word' id='word_1_260' title='bbox 1315 3945 1352 3999; x_wconf 78' lang='lat'><strong>14</strong></span> <span class='ocrx_word' id='word_1_261' title='bbox 1371 3945 1427 4014; x_wconf 83' lang='lat' dir='ltr'><strong>vgl.</strong></span> <span class='ocrx_word' id='word_1_262' title='bbox 1439 3944 1513 4000; x_wconf 90' lang='lat' dir='ltr'><strong>Hier.</strong></span> 
     </span>
     <span class='ocr_line' id='line_1_32' title="bbox 205 4043 1512 4113; baseline 0.002 -15"><span class='ocrx_word' id='word_1_263' title='bbox 205 4060 302 4098; x_wconf 89' lang='lat' dir='ltr'><strong>comm.</strong></span> <span class='ocrx_word' id='word_1_264' title='bbox 320 4043 350 4097; x_wconf 91' lang='lat' dir='ltr'><strong>in</strong></span> <span class='ocrx_word' id='word_1_265' title='bbox 366 4044 412 4098; x_wconf 87' lang='lat' dir='ltr'><strong>Jes</strong></span> <span class='ocrx_word' id='word_1_266' title='bbox 429 4047 452 4108; x_wconf 87' lang='lat'><strong>1,</strong></span> <span class='ocrx_word' id='word_1_267' title='bbox 465 4046 510 4098; x_wconf 83' lang='lat'><strong>21:</strong></span> <span class='ocrx_word' id='word_1_268' title='bbox 529 4045 593 4100; x_wconf 87' lang='lat' dir='ltr'><strong>Sion</strong></span> <span class='ocrx_word' id='word_1_269' title='bbox 608 4049 700 4099; x_wconf 89' lang='lat' dir='ltr'><strong>antem</strong></span> <span class='ocrx_word' id='word_1_270' title='bbox 716 4063 795 4100; x_wconf 90' lang='lat' dir='ltr'><strong>mons</strong></span> <span class='ocrx_word' id='word_1_271' title='bbox 813 4047 862 4110; x_wconf 86' lang='lat' dir='ltr'><strong>est,</strong></span> <span class='ocrx_word' id='word_1_272' title='bbox 880 4045 909 4099; x_wconf 91' lang='lat' dir='ltr'><strong>in</strong></span> <span class='ocrx_word' id='word_1_273' title='bbox 929 4062 982 4113; x_wconf 89' lang='lat' dir='ltr'><strong>quo</strong></span> <span class='ocrx_word' id='word_1_274' title='bbox 995 4044 1142 4098; x_wconf 87' lang='lat' dir='ltr'><strong>Ierusalem</strong></span> <span class='ocrx_word' id='word_1_275' title='bbox 1159 4045 1224 4098; x_wconf 92' lang='lat' dir='ltr'><strong>urbs</strong></span> <span class='ocrx_word' id='word_1_276' title='bbox 1242 4045 1354 4099; x_wconf 85' lang='lat' dir='ltr'><strong>condita</strong></span> <span class='ocrx_word' id='word_1_277' title='bbox 1372 4049 1424 4110; x_wconf 88' lang='lat' dir='ltr'><strong>est;</strong></span> <span class='ocrx_word' id='word_1_278' title='bbox 1444 4065 1470 4100; x_wconf 86' lang='lat' dir='ltr'><strong>u.</strong></span> <span class='ocrx_word' id='word_1_279' title='bbox 1488 4053 1512 4100; x_wconf 87' lang='grc' dir='ltr'><strong>ὅ.</strong></span> 
     </span>
     <span class='ocr_line' id='line_1_33' title="bbox 206 4143 1512 4216; baseline 0 -16"><span class='ocrx_word' id='word_1_280' title='bbox 206 4145 243 4201; x_wconf 79' lang='lat'><strong>15</strong></span> <span class='ocrx_word' id='word_1_281' title='bbox 262 4145 318 4216; x_wconf 81' lang='lat' dir='ltr'><strong>vgl.</strong></span> <span class='ocrx_word' id='word_1_282' title='bbox 336 4145 409 4199; x_wconf 88' lang='lat' dir='ltr'><strong>Hier.</strong></span> <span class='ocrx_word' id='word_1_283' title='bbox 429 4162 526 4198; x_wconf 92' lang='lat' dir='ltr'><strong>comm.</strong></span> <span class='ocrx_word' id='word_1_284' title='bbox 544 4145 574 4198; x_wconf 90' lang='lat' dir='ltr'><strong>in</strong></span> <span class='ocrx_word' id='word_1_285' title='bbox 591 4143 630 4200; x_wconf 85' lang='lat' dir='ltr'><strong>Ea</strong></span> <span class='ocrx_word' id='word_1_286' title='bbox 648 4147 689 4212; x_wconf 85' lang='lat'><strong>26,</strong></span> <span class='ocrx_word' id='word_1_287' title='bbox 708 4146 770 4200; x_wconf 76' lang='lat' dir='ltr'><strong>iffi:</strong></span> <span class='ocrx_word' id='word_1_288' title='bbox 797 4145 962 4209; x_wconf 89' lang='lat' dir='ltr'><strong>Samariam,</strong></span> <span class='ocrx_word' id='word_1_289' title='bbox 989 4161 1060 4212; x_wconf 80' lang='lat' dir='ltr'><strong>quae</strong></span> <span class='ocrx_word' id='word_1_290' title='bbox 1078 4162 1151 4198; x_wconf 90' lang='lat' dir='ltr'><strong>nunc</strong></span> <span class='ocrx_word' id='word_1_291' title='bbox 1168 4146 1281 4200; x_wconf 88' lang='lat' dir='ltr'><strong>Sebaste</strong></span> <span class='ocrx_word' id='word_1_292' title='bbox 1297 4148 1424 4214; x_wconf 63' lang='lat' dir='ltr'><strong>uocatum</strong></span> <span class='ocrx_word' id='word_1_293' title='bbox 1443 4165 1468 4200; x_wconf 90' lang='lat' dir='ltr'><strong>u.</strong></span> <span class='ocrx_word' id='word_1_294' title='bbox 1487 4153 1512 4200; x_wconf 82' lang='grc' dir='ltr'><strong>ὃ.</strong></span> 
     </span>
     <span class='ocr_line' id='line_1_34' title="bbox 207 4245 1512 4318; baseline -0.001 -15"><span class='ocrx_word' id='word_1_295' title='bbox 207 4247 244 4303; x_wconf 81' lang='lat'><strong>18</strong></span> <span class='ocrx_word' id='word_1_296' title='bbox 254 4247 276 4302; x_wconf 83' lang='lat' dir='ltr'><strong>i.</strong></span> <span class='ocrx_word' id='word_1_297' title='bbox 295 4247 351 4316; x_wconf 84' lang='lat' dir='ltr'><strong>vgl.</strong></span> <span class='ocrx_word' id='word_1_298' title='bbox 369 4247 444 4302; x_wconf 86' lang='lat' dir='ltr'><strong>Hier.</strong></span> <span class='ocrx_word' id='word_1_299' title='bbox 463 4263 560 4301; x_wconf 92' lang='lat' dir='ltr'><strong>comm.</strong></span> <span class='ocrx_word' id='word_1_300' title='bbox 580 4245 609 4299; x_wconf 89' lang='lat' dir='ltr'><strong>in</strong></span> <span class='ocrx_word' id='word_1_301' title='bbox 628 4246 798 4312; x_wconf 82' lang='lat' dir='ltr'><strong>Ea26,1ff.:</strong></span> <span class='ocrx_word' id='word_1_302' title='bbox 817 4247 962 4302; x_wconf 86' lang='lat' dir='ltr'><strong>Phoenicis</strong></span> <span class='ocrx_word' id='word_1_303' title='bbox 980 4247 1064 4316; x_wconf 85' lang='lat' dir='ltr'><strong>regio,</strong></span> <span class='ocrx_word' id='word_1_304' title='bbox 1083 4247 1159 4301; x_wconf 90' lang='lat' dir='ltr'><strong>cuius</strong></span> <span class='ocrx_word' id='word_1_305' title='bbox 1177 4247 1336 4318; x_wconf 88' lang='lat' dir='ltr'><strong>metropolis</strong></span> <span class='ocrx_word' id='word_1_306' title='bbox 1355 4252 1396 4301; x_wconf 90' lang='lat' dir='ltr'><strong>est</strong></span> <span class='ocrx_word' id='word_1_307' title='bbox 1413 4248 1512 4302; x_wconf 89' lang='lat' dir='ltr'><strong>ciuitas</strong></span> 
     </span>
     <span class='ocr_line' id='line_1_35' title="bbox 202 4346 1058 4418; baseline 0.002 -19"><span class='ocrx_word' id='word_1_308' title='bbox 202 4346 300 4415; x_wconf 84' lang='lat' dir='ltr'><strong>Tyrus,</strong></span> <span class='ocrx_word' id='word_1_309' title='bbox 319 4364 389 4416; x_wconf 84' lang='lat' dir='ltr'><strong>quae</strong></span> <span class='ocrx_word' id='word_1_310' title='bbox 407 4347 565 4418; x_wconf 89' lang='lat' dir='ltr'><strong>appellatur</strong></span> <span class='ocrx_word' id='word_1_311' title='bbox 581 4347 708 4403; x_wconf 88' lang='lat' dir='ltr'><strong>Hebraeo</strong></span> <span class='ocrx_word' id='word_1_312' title='bbox 727 4349 848 4417; x_wconf 86' lang='lat' dir='ltr'><strong>Syroque</strong></span> <span class='ocrx_word' id='word_1_313' title='bbox 866 4365 989 4403; x_wconf 85' lang='lat' dir='ltr'><strong>sermone</strong></span> <span class='ocrx_word' id='word_1_314' title='bbox 1007 4348 1058 4403; x_wconf 89' lang='lat' dir='ltr'><strong>Sor</strong></span> 
     </span>
    </p>
   </div>
   <div class='ocr_carea' id='block_1_8' title="bbox 288 4581 1511 4651">
    <p class='ocr_par' dir='ltr' id='par_1_16' title="bbox 288 4581 1511 4651">
     <span class='ocr_line' id='line_1_36' title="bbox 288 4581 1511 4651; baseline 0.002 -17"><span class='ocrx_word' id='word_1_315' title='bbox 288 4581 324 4635; x_wconf 93' lang='lat'><strong>11</strong></span> <span class='ocrx_word' id='word_1_316' title='bbox 345 4581 462 4634; x_wconf 85' lang='lat' dir='ltr'><strong>Sennam</strong></span> <span class='ocrx_word' id='word_1_317' title='bbox 480 4581 507 4635; x_wconf 91' lang='lat' dir='ltr'><em>B</em></span> <span class='ocrx_word' id='word_1_318' title='bbox 523 4581 614 4636; x_wconf 87' lang='lat' dir='ltr'><strong>Senna</strong></span> <span class='ocrx_word' id='word_1_319' title='bbox 636 4582 701 4637; x_wconf 82' lang='lat' dir='ltr'><strong>Oet</strong></span> <span class='ocrx_word' id='word_1_320' title='bbox 719 4582 747 4635; x_wconf 90' lang='lat' dir='ltr'><strong>H</strong></span> <span class='ocrx_word' id='word_1_321' title='bbox 826 4582 862 4637; x_wconf 82' lang='lat' dir='ltr'><strong>la</strong></span> <span class='ocrx_word' id='word_1_322' title='bbox 881 4581 971 4650; x_wconf 84' lang='lat' dir='ltr'><strong>huius]</strong></span> <span class='ocrx_word' id='word_1_323' title='bbox 990 4588 1022 4645; x_wconf 82' lang='lat' dir='ltr'><strong>-l-</strong></span> <span class='ocrx_word' id='word_1_324' title='bbox 1040 4583 1069 4635; x_wconf 86' lang='lat' dir='ltr'><strong>et</strong></span> <span class='ocrx_word' id='word_1_325' title='bbox 1086 4581 1139 4635; x_wconf 78' lang='lat' dir='ltr'><strong>AO</strong></span> <span class='ocrx_word' id='word_1_326' title='bbox 1205 4582 1244 4636; x_wconf 70' lang='lat'><strong>¹24</strong></span> <span class='ocrx_word' id='word_1_327' title='bbox 1263 4583 1400 4651; x_wconf 88' lang='lat' dir='ltr'><strong>Ieremias]</strong></span> <span class='ocrx_word' id='word_1_328' title='bbox 1420 4591 1451 4647; x_wconf 78' lang='lat' dir='ltr'><strong>-l-</strong></span> <span class='ocrx_word' id='word_1_329' title='bbox 1470 4583 1511 4638; x_wconf 90' lang='lat' dir='ltr'><strong>De</strong></span> 
     </span>
    </p>
   </div>
   <div class='ocr_carea' id='block_1_9' title="bbox 200 4681 1300 4822">
    <p class='ocr_par' dir='ltr' id='par_1_17' title="bbox 200 4681 1300 4822">
     <span class='ocr_line' id='line_1_37' title="bbox 200 4681 424 4752; baseline -0.009 -14"><span class='ocrx_word' id='word_1_330' title='bbox 200 4681 363 4752; x_wconf 84' lang='lat' dir='ltr'><strong>euangelliis</strong></span> <span class='ocrx_word' id='word_1_331' title='bbox 381 4681 424 4736; x_wconf 78' lang='lat' dir='ltr'><strong>La</strong></span> 
     </span>
     <span class='ocr_line' id='line_1_38' title="bbox 1246 4769 1300 4822; baseline 0.019 -1"><span class='ocrx_word' id='word_1_332' title='bbox 1246 4769 1300 4822; x_wconf 80' lang='lat'><strong>11*</strong></span> 
     </span>
    </p>
   </div>
   <div class='ocr_carea' id='block_1_10' title="bbox 0 0 1880 5540">
    <p class='ocr_par' dir='ltr' id='par_1_18' title="bbox 0 0 1880 5540">
     <span class='ocr_line' id='line_1_39' title="bbox 0 0 1880 5540; baseline 0 9"><span class='ocrx_word' id='word_1_333' title='bbox 0 0 1880 5540; x_wconf 95' lang='lat' dir='ltr'><strong> </strong></span> 
     </span>
    </p>
   </div>
  </div>
 </body>
</html>
