<?xml version="1.0" encoding="UTF-8"?>
<!DOCTYPE html PUBLIC "-//W3C//DTD XHTML 1.0 Transitional//EN"
    "http://www.w3.org/TR/xhtml1/DTD/xhtml1-transitional.dtd">
<html xmlns="http://www.w3.org/1999/xhtml" xml:lang="en" lang="en">
 <head>
  <title>
</title>
<meta http-equiv="Content-Type" content="text/html;charset=utf-8" />
  <meta name='ocr-system' content='tesseract 3.04.00' />
  <meta name='ocr-capabilities' content='ocr_page ocr_carea ocr_par ocr_line ocrx_word'/>
</head>
<body>
  <div class='ocr_page' id='page_1' title='image "./diegriechischen02religoog/diegriechischen02religoog_0121.png"; bbox 0 0 3780 5536; ppageno 0'>
   <div class='ocr_carea' id='block_1_1' title="bbox 800 497 1552 566">
    <p class='ocr_par' dir='ltr' id='par_1_1' title="bbox 800 497 1552 566">
     <span class='ocr_line' id='line_1_1' title="bbox 800 497 1552 566; baseline -0.004 -14"><span class='ocrx_word' id='word_1_1' title='bbox 800 497 991 566; x_wconf 75' lang='lat' dir='ltr'><strong>Hieronymus.</strong></span> <span class='ocrx_word' id='word_1_2' title='bbox 1512 502 1552 564; x_wconf 83' lang='lat'>63</span> 
     </span>
    </p>
   </div>
   <div class='ocr_carea' id='block_1_2' title="bbox 176 664 1553 830">
    <p class='ocr_par' dir='ltr' id='par_1_2' title="bbox 176 664 1553 830">
     <span class='ocr_line' id='line_1_2' title="bbox 176 664 1553 750; baseline 0.001 -24"><span class='ocrx_word' id='word_1_3' title='bbox 176 673 232 728; x_wconf 80' lang='lat' dir='ltr'>Ac</span> <span class='ocrx_word' id='word_1_4' title='bbox 246 671 277 731; x_wconf 91' lang='lat' dir='ltr'>et</span> <span class='ocrx_word' id='word_1_5' title='bbox 298 665 410 730; x_wconf 84' lang='lat' dir='ltr'>ciuitas</span> <span class='ocrx_word' id='word_1_6' title='bbox 431 666 465 730; x_wconf 88' lang='lat' dir='ltr'>in</span> <span class='ocrx_word' id='word_1_7' title='bbox 487 687 523 730; x_wconf 88' lang='lat' dir='ltr'>eo</span> <span class='ocrx_word' id='word_1_8' title='bbox 547 665 673 730; x_wconf 88' lang='lat' dir='ltr'>condita</span> <span class='ocrx_word' id='word_1_9' title='bbox 694 665 807 732; x_wconf 83' lang='lat' dir='ltr'>sortite</span> <span class='ocrx_word' id='word_1_10' title='bbox 827 664 1019 732; x_wconf 90' lang='lat' dir='ltr'>uocabulum</span> <span class='ocrx_word' id='word_1_11' title='bbox 1041 669 1097 743; x_wconf 77' lang='lat' dir='ltr'>est,</span> <span class='ocrx_word' id='word_1_12' title='bbox 1119 685 1214 750; x_wconf 89' lang='lat' dir='ltr'>quam</span> <span class='ocrx_word' id='word_1_13' title='bbox 1237 665 1320 748; x_wconf 87' lang='lat' dir='ltr'>cepit</span> <span class='ocrx_word' id='word_1_14' title='bbox 1336 664 1553 729; x_wconf 84' lang='lat' dir='ltr'>deAmorrae·</span> 
     </span>
     <span class='ocr_line' id='line_1_3' title="bbox 245 763 1100 830; baseline 0.001 -2"><span class='ocrx_word' id='word_1_15' title='bbox 245 786 337 830; x_wconf 89' lang='lat' dir='ltr'>orum</span> <span class='ocrx_word' id='word_1_16' title='bbox 357 786 454 830; x_wconf 90' lang='lat' dir='ltr'>manu</span> <span class='ocrx_word' id='word_1_17' title='bbox 476 763 596 828; x_wconf 80' lang='lat' dir='ltr'>Gelaad</span> <span class='ocrx_word' id='word_1_18' title='bbox 616 763 701 830; x_wconf 84' lang='lat' dir='ltr'>filius</span> <span class='ocrx_word' id='word_1_19' title='bbox 723 764 847 830; x_wconf 87' lang='lat' dir='ltr'>Machir</span> <span class='ocrx_word' id='word_1_20' title='bbox 866 765 926 829; x_wconf 91' lang='lat' dir='ltr'>filii</span> <span class='ocrx_word' id='word_1_21' title='bbox 947 765 1100 830; x_wconf 86' lang='lat' dir='ltr'>Manasee</span> 
     </span>
    </p>
   </div>
   <div class='ocr_carea' id='block_1_3' title="bbox 211 1065 1620 1450">
    <p class='ocr_par' dir='ltr' id='par_1_3' title="bbox 211 1065 1620 1450">
     <span class='ocr_line' id='line_1_4' title="bbox 327 1065 1553 1150; baseline -0.001 -18"><span class='ocrx_word' id='word_1_22' title='bbox 327 1065 433 1132; x_wconf 81' lang='lat' dir='ltr'>Gader</span> <span class='ocrx_word' id='word_1_23' title='bbox 453 1067 557 1148; x_wconf 89' lang='lat' dir='ltr'>turris,</span> <span class='ocrx_word' id='word_1_24' title='bbox 579 1069 634 1133; x_wconf 91' lang='lat' dir='ltr'>ubi</span> <span class='ocrx_word' id='word_1_25' title='bbox 655 1067 817 1132; x_wconf 86' lang='lat' dir='ltr'>habitante</span> <span class='ocrx_word' id='word_1_26' title='bbox 838 1066 933 1133; x_wconf 82' lang='lat' dir='ltr'>Iacob</span> <span class='ocrx_word' id='word_1_27' title='bbox 955 1066 1067 1132; x_wconf 82' lang='lat' dir='ltr'>Ruben</span> <span class='ocrx_word' id='word_1_28' title='bbox 1081 1066 1180 1150; x_wconf 84' lang='lat' dir='ltr'>patris</span> <span class='ocrx_word' id='word_1_29' title='bbox 1194 1066 1328 1132; x_wconf 89' lang='lat' dir='ltr'>uiolauit</span> <span class='ocrx_word' id='word_1_30' title='bbox 1340 1071 1455 1132; x_wconf 89' lang='lat' dir='ltr'>torum.</span> <span class='ocrx_word' id='word_1_31' title='bbox 1478 1090 1553 1149; x_wconf 80' lang='lat' dir='ltr'>quae</span> 
     </span>
     <span class='ocr_line' id='line_1_5' title="bbox 244 1168 995 1248; baseline 0.003 -18"><span class='ocrx_word' id='word_1_32' title='bbox 244 1171 352 1248; x_wconf 81' lang='lat' dir='ltr'>absque</span> <span class='ocrx_word' id='word_1_33' title='bbox 377 1171 404 1231; x_wconf 80' lang='lat' dir='ltr'><strong><em>G</em></strong></span> <span class='ocrx_word' id='word_1_34' title='bbox 426 1168 523 1231; x_wconf 77' lang='lat' dir='ltr'>littera</span> <span class='ocrx_word' id='word_1_35' title='bbox 543 1171 578 1231; x_wconf 82' lang='lat' dir='ltr'>in</span> <span class='ocrx_word' id='word_1_36' title='bbox 599 1171 728 1232; x_wconf 80' lang='lat' dir='ltr'>Hebraeo</span> <span class='ocrx_word' id='word_1_37' title='bbox 751 1173 828 1232; x_wconf 71' lang='lat' dir='ltr'>Adur</span> <span class='ocrx_word' id='word_1_38' title='bbox 848 1173 995 1232; x_wconf 71' lang='lat' dir='ltr'><strong><em>scribitur.</em></strong></span> 
     </span>
     <span class='ocr_line' id='line_1_6' title="bbox 211 1264 1620 1350; baseline -0.001 -20"><span class='ocrx_word' id='word_1_39' title='bbox 211 1272 227 1324; x_wconf 82' lang='lat'><strong>5</strong></span> <span class='ocrx_word' id='word_1_40' title='bbox 322 1264 333 1348; x_wconf 86' lang='grc' dir='ltr'>ΙΙ</span> <span class='ocrx_word' id='word_1_41' title='bbox 350 1265 503 1346; x_wconf 68' lang='lat' dir='ltr'>(dothaim,</span> <span class='ocrx_word' id='word_1_42' title='bbox 532 1287 589 1349; x_wconf 93' lang='lat' dir='ltr'>pro</span> <span class='ocrx_word' id='word_1_43' title='bbox 620 1288 683 1350; x_wconf 87' lang='lat' dir='ltr'>qua</span> <span class='ocrx_word' id='word_1_44' title='bbox 712 1267 745 1330; x_wconf 91' lang='lat' dir='ltr'>in</span> <span class='ocrx_word' id='word_1_45' title='bbox 767 1265 912 1332; x_wconf 82' lang='lat' dir='ltr'>Hebraeo</span> <span class='ocrx_word' id='word_1_46' title='bbox 942 1268 1081 1350; x_wconf 87' lang='lat' dir='ltr'>positum</span> <span class='ocrx_word' id='word_1_47' title='bbox 1112 1271 1160 1332; x_wconf 89' lang='lat' dir='ltr'>est</span> <span class='ocrx_word' id='word_1_48' title='bbox 1188 1266 1296 1345; x_wconf 76' lang='lat' dir='ltr'>neith,</span> <span class='ocrx_word' id='word_1_49' title='bbox 1318 1265 1430 1332; x_wconf 81' lang='lat' dir='ltr'>ciuitas</span> <span class='ocrx_word' id='word_1_50' title='bbox 1451 1266 1553 1346; x_wconf 70' lang='lat' dir='ltr'>Adad,</span> <span class='ocrx_word' id='word_1_51' title='bbox 1570 1271 1620 1328; x_wconf 76' lang='lat'>125</span> 
     </span>
     <span class='ocr_line' id='line_1_7' title="bbox 243 1365 1486 1450; baseline 0.003 -22"><span class='ocrx_word' id='word_1_52' title='bbox 243 1366 299 1448; x_wconf 91' lang='lat' dir='ltr'>qui</span> <span class='ocrx_word' id='word_1_53' title='bbox 321 1368 452 1450; x_wconf 85' lang='lat' dir='ltr'>quartus</span> <span class='ocrx_word' id='word_1_54' title='bbox 473 1366 619 1449; x_wconf 80' lang='lat' dir='ltr'>regnauit</span> <span class='ocrx_word' id='word_1_55' title='bbox 638 1366 672 1430; x_wconf 91' lang='lat' dir='ltr'>in</span> <span class='ocrx_word' id='word_1_56' title='bbox 694 1370 777 1431; x_wconf 88' lang='lat' dir='ltr'>terra</span> <span class='ocrx_word' id='word_1_57' title='bbox 798 1365 954 1444; x_wconf 75' lang='lat' dir='ltr'><strong>Idumaea,</strong></span> <span class='ocrx_word' id='word_1_58' title='bbox 977 1388 1057 1450; x_wconf 87' lang='lat' dir='ltr'>quae</span> <span class='ocrx_word' id='word_1_59' title='bbox 1079 1387 1163 1430; x_wconf 91' lang='lat' dir='ltr'>nunc</span> <span class='ocrx_word' id='word_1_60' title='bbox 1185 1365 1341 1432; x_wconf 85' lang='lat' dir='ltr'>Gebalene</span> <span class='ocrx_word' id='word_1_61' title='bbox 1363 1365 1486 1432; x_wconf 90' lang='lat' dir='ltr'>dicitur.</span> 
     </span>
    </p>
   </div>
   <div class='ocr_carea' id='block_1_4' title="bbox 327 1557 1473 1649">
    <p class='ocr_par' dir='ltr' id='par_1_4' title="bbox 327 1557 1473 1649">
     <span class='ocr_line' id='line_1_8' title="bbox 327 1557 1473 1649; baseline 0 -21"><span class='ocrx_word' id='word_1_62' title='bbox 327 1557 439 1629; x_wconf 81' lang='lat' dir='ltr'>Gesem</span> <span class='ocrx_word' id='word_1_63' title='bbox 460 1565 549 1647; x_wconf 81' lang='lat' dir='ltr'>regio</span> <span class='ocrx_word' id='word_1_64' title='bbox 570 1565 719 1648; x_wconf 79' lang='lat' dir='ltr'>Aegypti,</span> <span class='ocrx_word' id='word_1_65' title='bbox 740 1567 774 1630; x_wconf 89' lang='lat' dir='ltr'>in</span> <span class='ocrx_word' id='word_1_66' title='bbox 796 1588 860 1649; x_wconf 89' lang='lat' dir='ltr'>qua</span> <span class='ocrx_word' id='word_1_67' title='bbox 882 1565 1039 1630; x_wconf 86' lang='lat' dir='ltr'>habitauit</span> <span class='ocrx_word' id='word_1_68' title='bbox 1059 1564 1153 1631; x_wconf 80' lang='lat' dir='ltr'>Iacob</span> <span class='ocrx_word' id='word_1_69' title='bbox 1177 1586 1249 1630; x_wconf 89' lang='lat' dir='ltr'>cum</span> <span class='ocrx_word' id='word_1_70' title='bbox 1269 1564 1378 1630; x_wconf 89' lang='lat' dir='ltr'>liberis</span> <span class='ocrx_word' id='word_1_71' title='bbox 1401 1564 1473 1630; x_wconf 92' lang='lat' dir='ltr'>suis.</span> 
     </span>
    </p>
   </div>
   <div class='ocr_carea' id='block_1_5' title="bbox 622 1845 1197 1920">
    <p class='ocr_par' dir='ltr' id='par_1_5' title="bbox 622 1845 1197 1920">
     <span class='ocr_line' id='line_1_9' title="bbox 622 1845 1197 1920; baseline -0.002 -8"><span class='ocrx_word' id='word_1_72' title='bbox 622 1847 671 1912; x_wconf 91' lang='lat' dir='ltr'>De</span> <span class='ocrx_word' id='word_1_73' title='bbox 693 1845 841 1912; x_wconf 84' lang='lat' dir='ltr'>Numerio</span> <span class='ocrx_word' id='word_1_74' title='bbox 863 1852 895 1912; x_wconf 90' lang='lat' dir='ltr'>et</span> <span class='ocrx_word' id='word_1_75' title='bbox 915 1845 1172 1912; x_wconf 81' lang='lat' dir='ltr'>Deuteronomio.</span> <span class='ocrx_word' id='word_1_76' title='bbox 1195 1912 1197 1920; x_wconf 80' lang='grc'>,</span> 
     </span>
    </p>
   </div>
   <div class='ocr_carea' id='block_1_6' title="bbox 196 1994 1556 2280">
    <p class='ocr_par' dir='ltr' id='par_1_6' title="bbox 196 1994 1556 2280">
     <span class='ocr_line' id='line_1_10' title="bbox 331 1994 1555 2080; baseline 0.001 -20"><span class='ocrx_word' id='word_1_77' title='bbox 331 1995 546 2080; x_wconf 64' lang='lat' dir='ltr'>&amp;asiongaber</span> <span class='ocrx_word' id='word_1_78' title='bbox 567 2002 669 2062; x_wconf 85' lang='lat' dir='ltr'>castra</span> <span class='ocrx_word' id='word_1_79' title='bbox 683 1997 716 2061; x_wconf 93' lang='lat' dir='ltr'>in</span> <span class='ocrx_word' id='word_1_80' title='bbox 731 1996 901 2062; x_wconf 76' lang='lat' dir='ltr'>solitudine</span> <span class='ocrx_word' id='word_1_81' title='bbox 915 1996 1055 2062; x_wconf 85' lang='lat' dir='ltr'>filiorum</span> <span class='ocrx_word' id='word_1_82' title='bbox 1070 1996 1174 2075; x_wconf 79' lang='lat' dir='ltr'>lsrael,</span> <span class='ocrx_word' id='word_1_83' title='bbox 1188 1997 1277 2080; x_wconf 57' lang='lat' dir='ltr'>{sicut</span> <span class='ocrx_word' id='word_1_84' title='bbox 1294 1997 1327 2062; x_wconf 91' lang='lat' dir='ltr'>in</span> <span class='ocrx_word' id='word_1_85' title='bbox 1342 1994 1555 2062; x_wconf 88' lang='lat' dir='ltr'>Numerorum</span> 
     </span>
     <span class='ocr_line' id='line_1_11' title="bbox 196 2094 1556 2180; baseline -0.001 -18"><span class='ocrx_word' id='word_1_86' title='bbox 196 2108 229 2162; x_wconf 90' lang='lat'>10</span> <span class='ocrx_word' id='word_1_87' title='bbox 245 2094 327 2160; x_wconf 90' lang='lat' dir='ltr'>libro</span> <span class='ocrx_word' id='word_1_88' title='bbox 349 2095 501 2179; x_wconf 85' lang='lat' dir='ltr'>scriptum</span> <span class='ocrx_word' id='word_1_89' title='bbox 525 2099 580 2162; x_wconf 86' lang='lat' dir='ltr'>est.</span> <span class='ocrx_word' id='word_1_90' title='bbox 621 2118 715 2180; x_wconf 90' lang='lat' dir='ltr'>porro</span> <span class='ocrx_word' id='word_1_91' title='bbox 737 2097 826 2161; x_wconf 83' lang='lat' dir='ltr'>iuxta</span> <span class='ocrx_word' id='word_1_92' title='bbox 846 2096 1128 2162; x_wconf 89' lang='lat' dir='ltr'>Deuteronomium</span> <span class='ocrx_word' id='word_1_93' title='bbox 1151 2097 1263 2162; x_wconf 84' lang='lat' dir='ltr'>ciuitas</span> <span class='ocrx_word' id='word_1_94' title='bbox 1285 2100 1333 2162; x_wconf 86' lang='lat' dir='ltr'>est</span> <span class='ocrx_word' id='word_1_95' title='bbox 1346 2095 1440 2176; x_wconf 78' lang='lat' dir='ltr'>Esau,</span> <span class='ocrx_word' id='word_1_96' title='bbox 1461 2118 1556 2180; x_wconf 85' lang='lat' dir='ltr'>quam</span> 
     </span>
     <span class='ocr_line' id='line_1_12' title="bbox 244 2195 1373 2280; baseline 0.002 -22"><span class='ocrx_word' id='word_1_97' title='bbox 244 2216 328 2260; x_wconf 91' lang='lat' dir='ltr'>nunc</span> <span class='ocrx_word' id='word_1_98' title='bbox 349 2195 475 2260; x_wconf 81' lang='lat' dir='ltr'>Essiam</span> <span class='ocrx_word' id='word_1_99' title='bbox 496 2197 671 2279; x_wconf 91' lang='lat' dir='ltr'>nuncupari</span> <span class='ocrx_word' id='word_1_100' title='bbox 692 2200 814 2280; x_wconf 84' lang='lat' dir='ltr'>putant.</span> <span class='ocrx_word' id='word_1_101' title='bbox 834 2196 924 2260; x_wconf 79' lang='lat' dir='ltr'>iuxta</span> <span class='ocrx_word' id='word_1_102' title='bbox 946 2218 1031 2260; x_wconf 88' lang='lat' dir='ltr'>mare</span> <span class='ocrx_word' id='word_1_103' title='bbox 1052 2198 1183 2262; x_wconf 90' lang='lat' dir='ltr'>rubrum</span> <span class='ocrx_word' id='word_1_104' title='bbox 1205 2201 1236 2261; x_wconf 88' lang='lat' dir='ltr'>et</span> <span class='ocrx_word' id='word_1_105' title='bbox 1258 2196 1373 2261; x_wconf 80' lang='lat' dir='ltr'>Ailam.</span> 
     </span>
    </p>
   </div>
   <div class='ocr_carea' id='block_1_7' title="bbox 197 2391 1557 2777">
    <p class='ocr_par' dir='ltr' id='par_1_7' title="bbox 197 2391 1557 2777">
     <span class='ocr_line' id='line_1_13' title="bbox 329 2391 1555 2478; baseline 0.002 -21"><span class='ocrx_word' id='word_1_106' title='bbox 329 2391 388 2458; x_wconf 78' lang='lat' dir='ltr'>Gai</span> <span class='ocrx_word' id='word_1_107' title='bbox 409 2399 510 2460; x_wconf 80' lang='lat' dir='ltr'>castra</span> <span class='ocrx_word' id='word_1_108' title='bbox 531 2395 565 2459; x_wconf 91' lang='lat' dir='ltr'>in</span> <span class='ocrx_word' id='word_1_109' title='bbox 586 2394 757 2460; x_wconf 69' lang='lat' dir='ltr'>solitudine</span> <span class='ocrx_word' id='word_1_110' title='bbox 778 2395 916 2460; x_wconf 89' lang='lat' dir='ltr'>filiorum</span> <span class='ocrx_word' id='word_1_111' title='bbox 938 2394 1044 2461; x_wconf 85' lang='lat' dir='ltr'>Israel.</span> <span class='ocrx_word' id='word_1_112' title='bbox 1088 2399 1119 2460; x_wconf 86' lang='lat' dir='ltr'>et</span> <span class='ocrx_word' id='word_1_113' title='bbox 1139 2417 1240 2478; x_wconf 88' lang='lat' dir='ltr'>usque</span> <span class='ocrx_word' id='word_1_114' title='bbox 1262 2394 1357 2460; x_wconf 90' lang='lat' dir='ltr'>bodie</span> <span class='ocrx_word' id='word_1_115' title='bbox 1380 2394 1459 2460; x_wconf 81' lang='lat' dir='ltr'>Gaia</span> <span class='ocrx_word' id='word_1_116' title='bbox 1479 2397 1555 2460; x_wconf 89' lang='lat' dir='ltr'>urbs</span> 
     </span>
     <span class='ocr_line' id='line_1_14' title="bbox 245 2491 1039 2560; baseline 0.004 -4"><span class='ocrx_word' id='word_1_117' title='bbox 245 2491 577 2559; x_wconf 82' lang='lat' dir='ltr'>dicitur&#39;Palaestinae</span> <span class='ocrx_word' id='word_1_118' title='bbox 598 2494 686 2559; x_wconf 83' lang='lat' dir='ltr'>iuxta</span> <span class='ocrx_word' id='word_1_119' title='bbox 708 2494 870 2560; x_wconf 84' lang='lat' dir='ltr'>ciuitatem</span> <span class='ocrx_word' id='word_1_120' title='bbox 885 2493 1039 2560; x_wconf 71' lang='lat' dir='ltr'>‘Petram&#39;</span> 
     </span>
     <span class='ocr_line' id='line_1_15' title="bbox 330 2592 1557 2673; baseline 0 -15"><span class='ocrx_word' id='word_1_121' title='bbox 330 2593 464 2658; x_wconf 83' lang='lat' dir='ltr'>Gelmon</span> <span class='ocrx_word' id='word_1_122' title='bbox 484 2592 686 2658; x_wconf 87' lang='lat' dir='ltr'>Dablatbaim</span> <span class='ocrx_word' id='word_1_123' title='bbox 709 2599 818 2673; x_wconf 88' lang='lat' dir='ltr'>castra,</span> <span class='ocrx_word' id='word_1_124' title='bbox 839 2599 872 2659; x_wconf 78' lang='lat' dir='ltr'>id</span> <span class='ocrx_word' id='word_1_125' title='bbox 891 2599 1084 2671; x_wconf 68' lang='lat' dir='ltr'>andreuccio,</span> <span class='ocrx_word' id='word_1_126' title='bbox 1106 2593 1244 2659; x_wconf 90' lang='lat' dir='ltr'>filiorum</span> <span class='ocrx_word' id='word_1_127' title='bbox 1257 2593 1355 2660; x_wconf 88' lang='lat' dir='ltr'>Israel</span> <span class='ocrx_word' id='word_1_128' title='bbox 1375 2595 1409 2658; x_wconf 91' lang='lat' dir='ltr'>in</span> <span class='ocrx_word' id='word_1_129' title='bbox 1424 2596 1557 2658; x_wconf 87' lang='lat' dir='ltr'>deserte.</span> 
     </span>
     <span class='ocr_line' id='line_1_16' title="bbox 197 2691 1431 2777; baseline -0.002 -19"><span class='ocrx_word' id='word_1_130' title='bbox 197 2696 229 2748; x_wconf 83' lang='lat'>15</span> <span class='ocrx_word' id='word_1_131' title='bbox 331 2691 461 2777; x_wconf 80' lang='lat' dir='ltr'>Gadgad</span> <span class='ocrx_word' id='word_1_132' title='bbox 482 2713 573 2758; x_wconf 89' lang='lat' dir='ltr'>mons</span> <span class='ocrx_word' id='word_1_133' title='bbox 595 2693 629 2757; x_wconf 90' lang='lat' dir='ltr'>in</span> <span class='ocrx_word' id='word_1_134' title='bbox 648 2696 797 2774; x_wconf 82' lang='lat' dir='ltr'>dorserto,</span> <span class='ocrx_word' id='word_1_135' title='bbox 819 2695 874 2759; x_wconf 91' lang='lat' dir='ltr'>ubi</span> <span class='ocrx_word' id='word_1_136' title='bbox 896 2698 997 2760; x_wconf 84' lang='lat' dir='ltr'>castra</span> <span class='ocrx_word' id='word_1_137' title='bbox 1017 2693 1224 2760; x_wconf 80' lang='lat' dir='ltr'>metatisunt</span> <span class='ocrx_word' id='word_1_138' title='bbox 1245 2694 1304 2760; x_wconf 83' lang='lat' dir='ltr'>filii</span> <span class='ocrx_word' id='word_1_139' title='bbox 1326 2692 1431 2759; x_wconf 90' lang='lat' dir='ltr'>Israel.</span> 
     </span>
    </p>
   </div>
   <div class='ocr_carea' id='block_1_8' title="bbox 153 2878 1558 3673">
    <p class='ocr_par' dir='ltr' id='par_1_8' title="bbox 332 2878 1557 2978">
     <span class='ocr_line' id='line_1_17' title="bbox 332 2878 1557 2978; baseline 0 -22"><span class='ocrx_word' id='word_1_140' title='bbox 332 2889 417 2956; x_wconf 83' lang='lat' dir='ltr'>Gaza</span> <span class='ocrx_word' id='word_1_141' title='bbox 437 2891 549 2957; x_wconf 89' lang='lat' dir='ltr'>ciuitas</span> <span class='ocrx_word' id='word_1_142' title='bbox 570 2891 759 2972; x_wconf 81' lang='lat' dir='ltr'>Euaeorum,</span> <span class='ocrx_word' id='word_1_143' title='bbox 780 2893 814 2958; x_wconf 92' lang='lat' dir='ltr'>in</span> <span class='ocrx_word' id='word_1_144' title='bbox 836 2915 899 2978; x_wconf 89' lang='lat' dir='ltr'>qua</span> <span class='ocrx_word' id='word_1_145' title='bbox 913 2878 1095 2959; x_wconf 75' lang='lat' dir='ltr'>habitauere</span> <span class='ocrx_word' id='word_1_146' title='bbox 1111 2893 1321 2977; x_wconf 76' lang='lat' dir='ltr'>Cappadoces,</span> <span class='ocrx_word' id='word_1_147' title='bbox 1335 2891 1476 2976; x_wconf 84' lang='lat' dir='ltr'>pristinis</span> <span class='ocrx_word' id='word_1_148' title='bbox 1492 2891 1557 2957; x_wconf 92' lang='lat' dir='ltr'>cul·</span> 
     </span>
    </p>

    <p class='ocr_par' dir='ltr' id='par_1_9' title="bbox 153 2991 1558 3175">
     <span class='ocr_line' id='line_1_18' title="bbox 153 2991 1558 3075; baseline 0 -20"><span class='ocrx_word' id='word_1_149' title='bbox 153 2993 237 3048; x_wconf 76' lang='grc' dir='ltr'>ΑΘΗ</span> <span class='ocrx_word' id='word_1_150' title='bbox 248 2991 371 3056; x_wconf 85' lang='lat' dir='ltr'>toribus</span> <span class='ocrx_word' id='word_1_151' title='bbox 390 2992 394 3075; x_wconf 87' lang='grc' dir='ltr'>Ι</span> <span class='ocrx_word' id='word_1_152' title='bbox 412 2991 593 3056; x_wconf 82' lang='lat' dir='ltr'>interfectis.</span> <span class='ocrx_word' id='word_1_153' title='bbox 636 2995 720 3075; x_wconf 88' lang='lat' dir='ltr'>apud</span> <span class='ocrx_word' id='word_1_154' title='bbox 749 2997 871 3058; x_wconf 88' lang='lat' dir='ltr'>ueteres</span> <span class='ocrx_word' id='word_1_155' title='bbox 903 2998 971 3058; x_wconf 84' lang='lat' dir='ltr'>erat</span> <span class='ocrx_word' id='word_1_156' title='bbox 998 2994 1151 3059; x_wconf 86' lang='lat' dir='ltr'>terminus</span> <span class='ocrx_word' id='word_1_157' title='bbox 1181 2991 1439 3058; x_wconf 82' lang='lat' dir='ltr'>Obananaeorum</span> <span class='ocrx_word' id='word_1_158' title='bbox 1468 2993 1558 3057; x_wconf 84' lang='lat' dir='ltr'>iuxta</span> 
     </span>
     <span class='ocr_line' id='line_1_19' title="bbox 248 3090 1557 3175; baseline 0 -21"><span class='ocrx_word' id='word_1_159' title='bbox 248 3090 440 3175; x_wconf 82' lang='lat' dir='ltr'>Aegyptum,</span> <span class='ocrx_word' id='word_1_160' title='bbox 462 3091 637 3174; x_wconf 91' lang='lat' dir='ltr'>ceciditque</span> <span class='ocrx_word' id='word_1_161' title='bbox 651 3091 685 3155; x_wconf 90' lang='lat' dir='ltr'>in</span> <span class='ocrx_word' id='word_1_162' title='bbox 698 3097 815 3158; x_wconf 68' lang='lat' dir='ltr'>sedem</span> <span class='ocrx_word' id='word_1_163' title='bbox 829 3093 931 3158; x_wconf 89' lang='lat' dir='ltr'>tribus</span> <span class='ocrx_word' id='word_1_164' title='bbox 952 3092 1057 3173; x_wconf 89' lang='lat' dir='ltr'>Iudae,</span> <span class='ocrx_word' id='word_1_165' title='bbox 1079 3095 1134 3157; x_wconf 90' lang='lat' dir='ltr'>sed</span> <span class='ocrx_word' id='word_1_166' title='bbox 1156 3115 1225 3158; x_wconf 88' lang='lat' dir='ltr'>eam</span> <span class='ocrx_word' id='word_1_167' title='bbox 1246 3096 1351 3157; x_wconf 85' lang='lat' dir='ltr'>tenere</span> <span class='ocrx_word' id='word_1_168' title='bbox 1365 3114 1430 3158; x_wconf 89' lang='lat' dir='ltr'>non</span> <span class='ocrx_word' id='word_1_169' title='bbox 1444 3092 1557 3175; x_wconf 80' lang='lat' dir='ltr'>potuit,</span> 
     </span>
    </p>

    <p class='ocr_par' dir='ltr' id='par_1_10' title="bbox 248 3189 1558 3274">
     <span class='ocr_line' id='line_1_20' title="bbox 248 3189 1558 3274; baseline 0.001 -20"><span class='ocrx_word' id='word_1_170' title='bbox 248 3191 323 3274; x_wconf 90' lang='lat' dir='ltr'>quia</span> <span class='ocrx_word' id='word_1_171' title='bbox 343 3189 483 3268; x_wconf 81' lang='lat' dir='ltr'>Enacim,</span> <span class='ocrx_word' id='word_1_172' title='bbox 510 3195 543 3254; x_wconf 79' lang='lat' dir='ltr'>id</span> <span class='ocrx_word' id='word_1_173' title='bbox 568 3201 611 3254; x_wconf 78' lang='lat' dir='ltr'>est</span> <span class='ocrx_word' id='word_1_174' title='bbox 632 3195 774 3272; x_wconf 74' lang='lat' dir='ltr'>piperatos,</span> <span class='ocrx_word' id='word_1_175' title='bbox 797 3192 1012 3274; x_wconf 77' lang='lat' dir='ltr'>Allofylorurn</span> <span class='ocrx_word' id='word_1_176' title='bbox 1038 3191 1203 3258; x_wconf 88' lang='lat' dir='ltr'>fortissimi</span> <span class='ocrx_word' id='word_1_177' title='bbox 1225 3191 1413 3256; x_wconf 87' lang='lat' dir='ltr'>restiterunt.</span> <span class='ocrx_word' id='word_1_178' title='bbox 1456 3194 1489 3256; x_wconf 84' lang='lat' dir='ltr'>et</span> <span class='ocrx_word' id='word_1_179' title='bbox 1510 3194 1558 3255; x_wconf 86' lang='lat' dir='ltr'>est</span> 
     </span>
    </p>

    <p class='ocr_par' dir='ltr' id='par_1_11' title="bbox 196 3289 1558 3474">
     <span class='ocr_line' id='line_1_21' title="bbox 196 3289 1557 3374; baseline 0.001 -22"><span class='ocrx_word' id='word_1_180' title='bbox 196 3298 231 3352; x_wconf 78' lang='lat'>20</span> <span class='ocrx_word' id='word_1_181' title='bbox 247 3311 347 3372; x_wconf 90' lang='lat' dir='ltr'>usque</span> <span class='ocrx_word' id='word_1_182' title='bbox 372 3289 466 3354; x_wconf 88' lang='lat' dir='ltr'>hodie</span> <span class='ocrx_word' id='word_1_183' title='bbox 492 3289 625 3373; x_wconf 88' lang='lat' dir='ltr'>insignis</span> <span class='ocrx_word' id='word_1_184' title='bbox 657 3290 769 3357; x_wconf 84' lang='lat' dir='ltr'>ciuitas</span> <span class='ocrx_word' id='word_1_185' title='bbox 799 3290 1005 3356; x_wconf 82' lang='lat' dir='ltr'>Palaestinae.</span> <span class='ocrx_word' id='word_1_186' title='bbox 1047 3297 1201 3374; x_wconf 72' lang='lat' dir='ltr'>pascitur</span> <span class='ocrx_word' id='word_1_187' title='bbox 1225 3302 1324 3356; x_wconf 80' lang='lat' dir='ltr'>actem</span> <span class='ocrx_word' id='word_1_188' title='bbox 1350 3295 1497 3372; x_wconf 82' lang='lat' dir='ltr'>quomodo</span> <span class='ocrx_word' id='word_1_189' title='bbox 1522 3295 1557 3354; x_wconf 83' lang='lat' dir='ltr'>in</span> 
     </span>
     <span class='ocr_line' id='line_1_22' title="bbox 246 3387 1558 3474; baseline 0.001 -22"><span class='ocrx_word' id='word_1_190' title='bbox 246 3394 375 3470; x_wconf 78' lang='lat' dir='ltr'>quodam</span> <span class='ocrx_word' id='word_1_191' title='bbox 385 3393 503 3470; x_wconf 78' lang='lat' dir='ltr'>profeta</span> <span class='ocrx_word' id='word_1_192' title='bbox 514 3387 633 3454; x_wconf 82' lang='lat' dir='ltr'>dicutur·</span> <span class='ocrx_word' id='word_1_193' title='bbox 659 3394 744 3455; x_wconf 70' lang='lat' dir='ltr'>Gaza</span> <span class='ocrx_word' id='word_1_194' title='bbox 755 3394 862 3471; x_wconf 80' lang='lat' dir='ltr'>futura</span> <span class='ocrx_word' id='word_1_195' title='bbox 875 3397 910 3455; x_wconf 82' lang='lat' dir='ltr'>ic</span> <span class='ocrx_word' id='word_1_196' title='bbox 925 3396 1076 3457; x_wconf 78' lang='lat' dir='ltr'>tumulum</span> <span class='ocrx_word' id='word_1_197' title='bbox 1089 3397 1311 3474; x_wconf 78' lang='lat' dir='ltr'>sempiternum.</span> <span class='ocrx_word' id='word_1_198' title='bbox 1334 3395 1414 3473; x_wconf 81' lang='lat' dir='ltr'>quod</span> <span class='ocrx_word' id='word_1_199' title='bbox 1426 3395 1558 3456; x_wconf 81' lang='lat' dir='ltr'>soluitur</span> 
     </span>
    </p>

    <p class='ocr_par' dir='ltr' id='par_1_12' title="bbox 244 3493 1558 3673">
     <span class='ocr_line' id='line_1_23' title="bbox 244 3493 1558 3572; baseline 0.002 -21"><span class='ocrx_word' id='word_1_200' title='bbox 244 3493 305 3552; x_wconf 80' lang='lat' dir='ltr'>ita:</span> <span class='ocrx_word' id='word_1_201' title='bbox 336 3494 479 3570; x_wconf 75' lang='lat' dir='ltr'>antiquae</span> <span class='ocrx_word' id='word_1_202' title='bbox 499 3493 632 3553; x_wconf 79' lang='lat' dir='ltr'>ciuitatis</span> <span class='ocrx_word' id='word_1_203' title='bbox 653 3493 751 3554; x_wconf 74' lang='lat' dir='ltr'>boum</span> <span class='ocrx_word' id='word_1_204' title='bbox 771 3496 828 3554; x_wconf 72' lang='lat' dir='ltr'>ciro</span> <span class='ocrx_word' id='word_1_205' title='bbox 856 3495 1124 3572; x_wconf 54' lang='lat' dir='ltr'>foramentorum</span> <span class='ocrx_word' id='word_1_206' title='bbox 1150 3497 1288 3572; x_wconf 78' lang='lat' dir='ltr'>praebere</span> <span class='ocrx_word' id='word_1_207' title='bbox 1316 3494 1454 3571; x_wconf 63' lang='lat' dir='ltr'>aestimo,</span> <span class='ocrx_word' id='word_1_208' title='bbox 1481 3495 1558 3554; x_wconf 82' lang='lat' dir='ltr'>huuc</span> 
     </span>
     <span class='ocr_line' id='line_1_24' title="bbox 246 3593 1558 3673; baseline 0.003 -23"><span class='ocrx_word' id='word_1_209' title='bbox 246 3597 354 3664; x_wconf 81' lang='lat' dir='ltr'>autem,</span> <span class='ocrx_word' id='word_1_210' title='bbox 376 3610 451 3670; x_wconf 82' lang='lat' dir='ltr'>quae</span> <span class='ocrx_word' id='word_1_211' title='bbox 471 3611 553 3652; x_wconf 78' lang='lat' dir='ltr'>ncnc</span> <span class='ocrx_word' id='word_1_212' title='bbox 573 3595 704 3653; x_wconf 70' lang='lat' dir='ltr'>emitur</span> <span class='ocrx_word' id='word_1_213' title='bbox 728 3594 763 3653; x_wconf 79' lang='lat' dir='ltr'>ia</span> <span class='ocrx_word' id='word_1_214' title='bbox 788 3594 848 3654; x_wconf 79' lang='lat' dir='ltr'>alio</span> <span class='ocrx_word' id='word_1_215' title='bbox 875 3595 945 3670; x_wconf 75' lang='lat' dir='ltr'>boo,</span> <span class='ocrx_word' id='word_1_216' title='bbox 962 3614 1020 3672; x_wconf 85' lang='lat' dir='ltr'>pro</span> <span class='ocrx_word' id='word_1_217' title='bbox 1041 3595 1102 3664; x_wconf 69' lang='lat' dir='ltr'>illu,</span> <span class='ocrx_word' id='word_1_218' title='bbox 1124 3613 1200 3673; x_wconf 81' lang='lat' dir='ltr'>quae</span> <span class='ocrx_word' id='word_1_219' title='bbox 1220 3593 1558 3672; x_wconf 48' lang='lat' dir='ltr'>ommitgaedifiectoan.</span> 
     </span>
    </p>
   </div>
   <div class='ocr_carea' id='block_1_9' title="bbox 246 4131 1559 4407">
    <p class='ocr_par' dir='ltr' id='par_1_13' title="bbox 246 4131 1559 4407">
     <span class='ocr_line' id='line_1_25' title="bbox 334 4131 1559 4204; baseline -0.001 -17"><span class='ocrx_word' id='word_1_220' title='bbox 334 4133 348 4187; x_wconf 77' lang='lat' dir='ltr'>t</span> <span class='ocrx_word' id='word_1_221' title='bbox 371 4133 427 4204; x_wconf 81' lang='lat' dir='ltr'><strong>vgl.</strong></span> <span class='ocrx_word' id='word_1_222' title='bbox 445 4133 518 4188; x_wconf 87' lang='lat' dir='ltr'>Hier.</span> <span class='ocrx_word' id='word_1_223' title='bbox 537 4137 642 4202; x_wconf 85' lang='lat' dir='ltr'>quaest.</span> <span class='ocrx_word' id='word_1_224' title='bbox 660 4135 689 4188; x_wconf 91' lang='lat' dir='ltr'>in</span> <span class='ocrx_word' id='word_1_225' title='bbox 708 4135 768 4190; x_wconf 83' lang='lat' dir='ltr'>Gen</span> <span class='ocrx_word' id='word_1_226' title='bbox 787 4136 811 4190; x_wconf 89' lang='lat' dir='ltr'>S.</span> <span class='ocrx_word' id='word_1_227' title='bbox 830 4136 872 4202; x_wconf 89' lang='grc'>62,</span> <span class='ocrx_word' id='word_1_228' title='bbox 892 4135 971 4191; x_wconf 75' lang='lat' dir='ltr'>ruffi:</span> <span class='ocrx_word' id='word_1_229' title='bbox 1001 4132 1032 4197; x_wconf 90' lang='lat' dir='ltr'>si,</span> <span class='ocrx_word' id='word_1_230' title='bbox 1054 4136 1087 4188; x_wconf 88' lang='lat' dir='ltr'>ut</span> <span class='ocrx_word' id='word_1_231' title='bbox 1112 4133 1141 4188; x_wconf 89' lang='lat' dir='ltr'>in</span> <span class='ocrx_word' id='word_1_232' title='bbox 1159 4131 1259 4189; x_wconf 86' lang='lat' dir='ltr'>nostris</span> <span class='ocrx_word' id='word_1_233' title='bbox 1277 4131 1417 4188; x_wconf 87' lang='lat' dir='ltr'>codicibus</span> <span class='ocrx_word' id='word_1_234' title='bbox 1435 4134 1484 4199; x_wconf 85' lang='lat' dir='ltr'>eet,</span> <span class='ocrx_word' id='word_1_235' title='bbox 1511 4148 1559 4203; x_wconf 86' lang='lat' dir='ltr'>per</span> 
     </span>
     <span class='ocr_line' id='line_1_26' title="bbox 246 4233 1557 4308; baseline 0 -20"><span class='ocrx_word' id='word_1_236' title='bbox 246 4236 400 4289; x_wconf 84' lang='lat' dir='ltr'>extremum</span> <span class='ocrx_word' id='word_1_237' title='bbox 417 4236 447 4288; x_wconf 84' lang='lat' dir='ltr'>M</span> <span class='ocrx_word' id='word_1_238' title='bbox 466 4234 593 4290; x_wconf 86' lang='lat' dir='ltr'>scribitur</span> <span class='ocrx_word' id='word_1_239' title='bbox 611 4236 717 4304; x_wconf 85' lang='lat' dir='ltr'>Gesem,</span> <span class='ocrx_word' id='word_1_240' title='bbox 742 4236 817 4304; x_wconf 89' lang='lat' dir='ltr'>quod</span> <span class='ocrx_word' id='word_1_241' title='bbox 834 4236 902 4290; x_wconf 89' lang='lat' dir='ltr'>mihi</span> <span class='ocrx_word' id='word_1_242' title='bbox 920 4253 1096 4308; x_wconf 83' lang='lat' dir='ltr'>nequaquam</span> <span class='ocrx_word' id='word_1_243' title='bbox 1114 4236 1206 4308; x_wconf 87' lang='lat' dir='ltr'>placet</span> <span class='ocrx_word' id='word_1_244' title='bbox 1224 4237 1275 4290; x_wconf 89' lang='lat' dir='ltr'>etc.</span> <span class='ocrx_word' id='word_1_245' title='bbox 1340 4234 1378 4288; x_wconf 75' lang='lat'>21</span> <span class='ocrx_word' id='word_1_246' title='bbox 1398 4233 1445 4289; x_wconf 91' lang='lat' dir='ltr'>Jer</span> <span class='ocrx_word' id='word_1_247' title='bbox 1461 4235 1503 4300; x_wconf 83' lang='lat'>32,</span> <span class='ocrx_word' id='word_1_248' title='bbox 1522 4234 1557 4288; x_wconf 78' lang='lat' dir='ltr'>o?</span> 
     </span>
     <span class='ocr_line' id='line_1_27' title="bbox 246 4335 969 4407; baseline 0 -17"><span class='ocrx_word' id='word_1_249' title='bbox 246 4337 289 4402; x_wconf 85' lang='grc'>47,</span> <span class='ocrx_word' id='word_1_250' title='bbox 307 4335 343 4391; x_wconf 75' lang='lat'>5‘2</span> <span class='ocrx_word' id='word_1_251' title='bbox 378 4339 464 4391; x_wconf 83' lang='lat' dir='ltr'>Amos</span> <span class='ocrx_word' id='word_1_252' title='bbox 482 4339 505 4403; x_wconf 90' lang='lat'>1,</span> <span class='ocrx_word' id='word_1_253' title='bbox 524 4335 559 4390; x_wconf 76' lang='lat'>7?</span> <span class='ocrx_word' id='word_1_254' title='bbox 595 4337 765 4407; x_wconf 79' lang='lat' dir='ltr'>Zeph2,4‘?</span> <span class='ocrx_word' id='word_1_255' title='bbox 802 4337 873 4392; x_wconf 81' lang='lat' dir='ltr'>Such</span> <span class='ocrx_word' id='word_1_256' title='bbox 889 4340 913 4406; x_wconf 88' lang='lat'>9,</span> <span class='ocrx_word' id='word_1_257' title='bbox 932 4338 969 4394; x_wconf 82' lang='lat'>5?</span> 
     </span>
    </p>
   </div>
   <div class='ocr_carea' id='block_1_10' title="bbox 252 4567 1564 4738">
    <p class='ocr_par' dir='ltr' id='par_1_14' title="bbox 252 4567 1564 4738">
     <span class='ocr_line' id='line_1_28' title="bbox 336 4567 1555 4642; baseline -0.001 -20"><span class='ocrx_word' id='word_1_258' title='bbox 336 4568 464 4640; x_wconf 89' lang='lat' dir='ltr'>lquam]</span> <span class='ocrx_word' id='word_1_259' title='bbox 483 4576 515 4634; x_wconf 72' lang='lat' dir='ltr'>-t-</span> <span class='ocrx_word' id='word_1_260' title='bbox 533 4571 604 4625; x_wconf 76' lang='lat' dir='ltr'>etri</span> <span class='ocrx_word' id='word_1_261' title='bbox 659 4571 829 4626; x_wconf 72' lang='lat' dir='ltr'>iGesenG</span> <span class='ocrx_word' id='word_1_262' title='bbox 877 4571 1106 4642; x_wconf 83' lang='lat' dir='ltr'>9Gaaiongaber</span> <span class='ocrx_word' id='word_1_263' title='bbox 1123 4571 1177 4626; x_wconf 76' lang='lat' dir='ltr'>AO</span> <span class='ocrx_word' id='word_1_264' title='bbox 1226 4567 1518 4638; x_wconf 73' lang='lat' dir='ltr'>lequam1÷erc</span> <span class='ocrx_word' id='word_1_265' title='bbox 1552 4569 1555 4634; x_wconf 71' lang='lat' dir='ltr'>t</span> 
     </span>
     <span class='ocr_line' id='line_1_29' title="bbox 252 4667 1564 4738; baseline 0.006 -17"><span class='ocrx_word' id='word_1_266' title='bbox 252 4667 361 4722; x_wconf 82' lang='lat' dir='ltr'>Esaiam</span> <span class='ocrx_word' id='word_1_267' title='bbox 379 4669 508 4738; x_wconf 78' lang='lat' dir='ltr'>(A*)A¹0</span> <span class='ocrx_word' id='word_1_268' title='bbox 541 4672 576 4726; x_wconf 90' lang='lat'>11</span> <span class='ocrx_word' id='word_1_269' title='bbox 597 4672 707 4726; x_wconf 74' lang='lat' dir='ltr'>dialem</span> <span class='ocrx_word' id='word_1_270' title='bbox 719 4672 773 4726; x_wconf 80' lang='lat' dir='ltr'>AO</span> <span class='ocrx_word' id='word_1_271' title='bbox 806 4673 844 4727; x_wconf 78' lang='grc'>19</span> <span class='ocrx_word' id='word_1_272' title='bbox 862 4672 1005 4728; x_wconf 87' lang='lat' dir='ltr'>fortissimi</span> <span class='ocrx_word' id='word_1_273' title='bbox 1030 4673 1070 4727; x_wconf 83' lang='lat' dir='ltr'>Vc</span> <span class='ocrx_word' id='word_1_274' title='bbox 1087 4671 1357 4728; x_wconf 78' lang='lat' dir='ltr'>fortissimeABOH</span> <span class='ocrx_word' id='word_1_275' title='bbox 1387 4670 1425 4726; x_wconf 76' lang='lat'>21</span> <span class='ocrx_word' id='word_1_276' title='bbox 1445 4668 1564 4729; x_wconf 85' lang='lat' dir='ltr'>dicatH</span> 
     </span>
    </p>
   </div>
   <div class='ocr_carea' id='block_1_11' title="bbox 0 0 1903 5536">
    <p class='ocr_par' dir='ltr' id='par_1_15' title="bbox 0 0 1903 5536">
     <span class='ocr_line' id='line_1_30' title="bbox 0 0 1903 5536; baseline 0 0"><span class='ocrx_word' id='word_1_277' title='bbox 0 0 1903 5536; x_wconf 95' lang='lat' dir='ltr'> </span> 
     </span>
    </p>
   </div>
  </div>
 </body>
</html>
