3780 5536
767 499 958 571 Hieronymus.
1464 509 1522 568 127

111 671 198 726 ΑΘΗ
210 664 284 729 dole
320 687 421 750 usque
457 665 609 733 Sumen«.
660 690 754 750 porro
788 667 937 734 Ieremias
962 670 1104 748 ludaeos,
1140 669 1196 752 qui
1231 690 1338 734 seeum
1374 668 1522 752 fugerant

208 763 458 848 Babyloniorum
479 767 631 850 impetum
653 769 855 848 declinantes,
876 771 909 834 in
924 771 983 834 hoo
996 770 1074 834 urbe
1088 768 1230 852 Aegypti
1243 769 1402 833 habitasse
1416 769 1520 833 refert.

290 865 406 946 Merra,
437 870 522 950 quod
552 867 777 950 interpretetur
805 870 989 934 amaritudo.
1042 874 1089 934 est
1119 873 1224 932 sutem
1255 868 1357 947 loeus,
1392 869 1426 933 in
1456 891 1520 953 que

209 984 330 1029 amares
353 987 450 1049 eques
473 967 556 1030 iaetu
578 967 658 1051 ligni
681 966 808 1051 Moyses
829 970 863 1032 in
885 968 1008 1033 duloem
1030 968 1127 1034 uertit
1147 990 1300 1051 saperem.

141 1159 195 1214 OH
586 1150 635 1214 De
657 1148 807 1215 Numeris
829 1155 861 1215 et
881 1150 1136 1216 Deuteronomio.

288 1295 470 1378 Memoriae,
499 1304 533 1363 id
552 1312 595 1363 est
615 1306 754 1381 repulere,
785 1299 1055 1382 eoneupiseentiee
1078 1305 1180 1364 eastre
1201 1299 1340 1367 filiorum
1361 1298 1458 1366 Israel
1481 1301 1514 1365 in

204 1397 336 1474 deserto,
358 1399 414 1462 ubi
434 1403 507 1481 post
528 1422 615 1463 esum
637 1402 777 1466 earnium
800 1401 943 1465 aseendit
963 1400 1010 1463 iro
1031 1399 1082 1463 dei
1103 1421 1196 1482 super
1219 1421 1281 1464 eos.

286 1495 443 1561 Meoeloth
466 1503 568 1563 eastra
590 1499 728 1564 filiorum
750 1499 847 1564 lsrael
868 1501 901 1565 in
924 1499 1103 1564 solitudine.

284 1697 430 1762 Metheee
451 1704 554 1764 eastre
575 1699 712 1765 filiorum
733 1699 831 1766 lsrael
852 1701 884 1764 iu
906 1699 1084 1765 solitudine.

152 1909 184 1960 10
285 1897 450 1962 Mesuruth
473 1905 575 1963 oestro
597 1899 734 1964 filiorum
756 1900 853 1964 Israel
874 1901 907 1964 in
929 1904 1061 1965 deserto.

283 2095 476 2174 Maththene,
499 2121 579 2183 quse
601 2122 685 2164 nune
706 2101 822 2165 dieitur
836 2102 1015 2166 Mosohsne.
1058 2103 1118 2165 site
1140 2105 1187 2165 est
1208 2106 1312 2165 autem
1334 2101 1368 2164 in
1382 2102 1511 2168 Arnone

199 2196 385 2262 duodecimo
407 2199 519 2280 proeul
540 2200 675 2264 miliario
698 2205 806 2264 eontra
829 2201 1013 2266 orientalem
1034 2200 1160 2285 plagam
1182 2200 1344 2264 Medabus.

282 2296 382 2361 Miser
411 2299 523 2364 ciuitas
546 2299 596 2383 Og
625 2301 708 2385 regis
730 2299 844 2364 Besen.
887 2300 1045 2384 signifieat
1075 2306 1180 2364 eutem
1202 2298 1303 2365 Miser
1324 2299 1394 2366 loeo
1416 2300 1511 2384 plene

200 2399 294 2477 etque
317 2400 511 2479 campestria.

149 2507 181 2560 15
281 2493 290 2578 Η
312 2495 537 2563 Maehaneruth
559 2501 711 2564 terminus
732 2500 819 2564 urbis
838 2501 984 2579 Ammon,
1004 2521 1085 2583 quse
1106 2504 1137 2562 et
1158 2497 1323 2563 Filadelfia
1345 2499 1467 2564 dieitur.
1527 2507 1578 2562 138

282 2596 456 2662 Madberes.
499 2621 594 2681 quam
624 2622 681 2665 nos
710 2622 860 2665 ueoemus
892 2622 1038 2678 eremum,
1067 2600 1149 2663 hune
1170 2597 1309 2662 Hebraei
1332 2597 1508 2664 Madbsrim

197 2695 371 2760 nominent

280 2793 415 2860 Misside
436 2795 575 2860 filiorum
597 2795 695 2861 luoim
715 2796 805 2861 loeus
826 2797 860 2861 in
882 2797 1060 2876 solitudine,
1081 2797 1114 2860 in
1136 2818 1199 2879 quo
1222 2795 1303 2860 obiit
1323 2797 1439 2863 Aaron.

101 3093 186 3145 ACH
729 3079 777 3144 De
798 3080 879 3144 libre
901 3077 981 3144 lesu.

144 3245 177 3297 20
279 3229 417 3295 Meeede.
459 3231 493 3294 in
523 3231 582 3294 hae
613 3229 768 3294 eonolusit
788 3229 875 3294 lesus
905 3230 1044 3313 quinque
1066 3250 1154 3313 reges
1177 3230 1209 3293 iu
1231 3229 1393 3312 spelunea,
1425 3253 1505 3313 quos

194 3329 353 3394 interfeeit
382 3351 454 3394 eum
484 3350 558 3413 rege
580 3330 719 3393 Macedo.
763 3351 844 3412 quae
865 3329 927 3393 fnit
946 3329 980 3392 in
1002 3330 1086 3393 tribu
1108 3328 1212 3408 Iudae,
1243 3335 1275 3393 et
1296 3351 1381 3394 nuno
1403 3335 1450 3394 est
1470 3331 1504 3393 in

193 3433 306 3493 oeteuo
328 3428 464 3492 miliario
486 3426 768 3512 Eleutheropoleos
792 3434 900 3494 eontra
922 3428 997 3493 selis
1020 3435 1131 3494 ortum.

273 3629 390 3693 Medon
413 3631 533 3709 ciuitas,
555 3629 588 3693 in
611 3652 673 3714 qua
695 3653 749 3693 rex
771 3630 832 3694 fuit
853 3628 966 3710 lebab,
987 3632 1136 3695 aduersus
1159 3652 1255 3713 quem
1275 3631 1363 3694 Iesus
1383 3630 1503 3695 bellum

190 3730 295 3811 gessit.

273 4670 288 4724 1
309 4669 425 4739 Syenem
442 4669 467 4721 A
486 4667 600 4722 Soeuem
622 4667 645 4721 O
712 4673 748 4726 17
768 4671 870 4725 uoeunt
892 4669 915 4724 O
