3780 5536
802 480 992 551 Hieronymus.
1499 497 1556 556 115

154 657 238 713 ΑΘΗ
333 650 583 734 Catataohrysea‚
613 655 646 714 ¹id
666 661 709 714 est
729 655 768 714 od
788 674 891 731 eureo3
922 655 996 715 sunt
1017 655 1123 715 eutem
1144 656 1268 716 montes
1291 652 1360 716 suri
1382 653 1501 720 fertiles
1523 656 1557 719 in

251 753 373 815 deserto
395 749 507 834 prooul
527 750 672 815 undeoim
694 751 909 815 mansionibus
932 773 950 814 a
972 749 1103 830 Choreb,
1124 749 1213 814 iuxta
1235 771 1314 832 quos
1329 753 1456 837 Moyses
1471 754 1556 820 Deu-

131 862 134 867 '
250 850 460 916 teronomium
490 850 652 932 scripsisse
681 850 870 933 perhibetur.
914 853 969 914 sed
1000 855 1032 914 et
1057 849 1186 914 metallo
1217 850 1297 916 aeris
1327 849 1448 932 Faeno,
1478 861 1557 936 qood

246 961 348 1015 noeto
372 961 498 1032 ternpore
516 955 642 1030 corruit,
673 955 796 1014 montes
818 972 970 1014 uenarum
992 950 1060 1013 auri
1081 949 1193 1033 plenos
1216 950 1292 1016 olim
1313 951 1411 1016 fuisse
1432 953 1555 1019 uicinos

213 1049 420 1116 oaestimant.

329 1149 503 1214 Gademoth
535 1150 705 1228 desertum,
736 1168 773 1212 er
804 1170 867 1231 quo
897 1148 969 1215 loeo
1000 1149 1087 1213 misit
1115 1149 1237 1232 legatos
1259 1147 1386 1232 Moyses
1408 1154 1448 1215 ad
1470 1150 1555 1218 Seon

245 1268 351 1333 regem
373 1249 627 1314 Amorraeornm.

329 1348 454 1413 Cariath
478 1348 575 1425 uiuus,
599 1346 654 1430 qui
676 1347 734 1411 sub
757 1345 844 1412 Gaba
866 1347 1034 1432 metropoli
1056 1347 1126 1411 fuit.

327 1447 426 1514 Oedes
449 1447 569 1522 ciuitas,
593 1469 687 1530 quam
711 1446 794 1529 oepit
815 1447 911 1528 Iesus,
942 1468 1015 1531 rege
1037 1448 1137 1530 ipsius
1159 1447 1335 1514 interfecto.
1379 1455 1427 1514 est
1448 1456 1552 1516 antem

194 1559 227 1613 10
243 1548 276 1611 in
298 1553 382 1613 sorte
403 1549 504 1612 tribus
526 1547 629 1612 ludeo.

325 1646 498 1711 cademoth
522 1645 627 1723 altera,
651 1646 762 1711 oiuites
786 1646 926 1711 filiorum
947 1644 1069 1711 Ruben.

327 1745 451 1811 Cedson
472 1746 506 1811 in
528 1746 612 1810 tribu
636 1745 756 1824 liuban,
778 1747 853 1810 urbs
876 1750 1019 1829 separata
1040 1744 1168 1810 Leuitis.

770 1928 818 1992 De
840 1927 922 1993 libro
945 1925 1025 1992 lesu.

326 2079 456 2162 Capseel
477 2079 511 2143 in
532 2080 616 2144 tribu
639 2078 745 2143 Indae.

191 2193 224 2246 15
325 2177 403 2243 Cina
424 2179 458 2243 in
478 2180 563 2244 tribu
584 2178 688 2242 ludas.

325 2277 412 2343 Ceils
433 2279 466 2343 in
488 2279 572 2342 tribu
594 2278 705 2353 ludae,
729 2277 785 2341 ubi
806 2279 966 2360 quondam
988 2275 1069 2341 sedit
1090 2276 1203 2343 Dauid.
1247 2283 1278 2343 et
1298 2299 1383 2342 nune
1405 2284 1453 2343 est
1474 2279 1552 2343 uilla

242 2376 316 2442 Cela
338 2381 377 2442 ad
400 2378 584 2443 orientalem
606 2378 734 2462 plagam
756 2375 1041 2459 Eleutheropoleos
1062 2378 1268 2462 pergentibus
1291 2376 1437 2442 Chebron
1460 2380 1550 2461 quasi

240 2478 273 2541 in
295 2481 408 2542 ostano
428 2477 572 2553 miliari0,
595 2478 628 2541 in
650 2499 713 2561 que
735 2475 914 2559 sepulerum
936 2482 1128 2542 monstratur
1149 2477 1290 2560 profetae
1312 2478 1473 2542 Abbaoue.

325 2675 525 2741 Cariethbaal
547 2675 659 2740 eiuitas
681 2676 776 2740 Iarim
798 2676 831 2740 in
853 2675 938 2740 tribu
960 2675 1065 2740 Iudae.

188 2787 222 2842 20
324 2775 410 2842 Onne
431 2776 464 2839 in
486 2777 571 2840 tribu
592 2776 721 2840 Efraim.

324 2874 471 2958 Capsaim
492 2875 526 2938 in
547 2875 632 2939 tribu
654 2873 784 2939 Efreim.

322 2974 408 3040 Cane
429 2976 462 3039 in
484 2975 569 3038 tribu
591 2974 743 3038 Manasse.

324 3075 552 3152 cariathiarim,
575 3097 655 3158 quae
674 3079 705 3138 et
728 3073 937 3152 cariathbaal,
970 3074 1081 3139 ciuitas
1103 3073 1250 3154 saltuum,
1272 3097 1335 3138 una
1357 3075 1394 3137 de
1416 3072 1548 3138 urbibus

241 3174 490 3252 Gabaonitarum,
511 3175 671 3258 pertinens
694 3177 733 3238 ad
755 3174 873 3238 tribum
895 3173 1003 3252 ludas,
1026 3175 1172 3239 euntibus
1194 3176 1233 3239 eb
1256 3173 1347 3238 Aelia
1368 3172 1548 3255 Diospolim

189 3285 221 3338 95
239 3275 273 3338 in
294 3274 430 3338 miliario
453 3296 545 3340 nonu.
589 3276 627 3338 de
648 3274 709 3338 hae
730 3275 791 3338 fnit
813 3271 906 3338 Urias
928 3274 1059 3356 profeta,
1081 3296 1175 3357 quem
1196 3274 1354 3338 interfecit
1376 3270 1493 3338 loaeim
1515 3271 1548 3336 in

239 3372 416 3454 Ierusalem,
438 3375 520 3438 siout
541 3373 688 3438 Ieremias
719 3373 836 3438 scribit.
881 3377 936 3437 sed
962 3379 993 3437 et
1017 3374 1050 3437 in
1073 3373 1337 3456 Paralipomenon
1360 3372 1440 3437 libro
1463 3372 1549 3436 filius

240 3472 336 3539 Sobel
359 3473 536 3557 appellatur
557 3472 784 3539 Cariathiarim.

322 3571 429 3638 Cision
451 3575 485 3636 in
507 3573 591 3636 tribu
613 3572 763 3648 Issaebar,
787 3573 898 3637 ciuitas
921 3577 1063 3655 separata
1086 3571 1211 3637 Leuitis.

322 4386 358 4439 ll
379 4385 433 4454 vgl.
452 4387 478 4440 Z.
498 4387 514 4438 u

321 4555 374 4608 Sl.
395 4553 511 4608 Gabaon
529 4554 577 4622 apl.
598 4553 625 4607 S.
637 4555 679 4617 49,
697 4551 727 4620 83
746 4553 803 4618 1r3,
822 4552 855 4605 22
892 4553 930 4607 21
951 4551 1087 4605 Camsaim
1104 4552 1161 4604 Bll
1193 4552 1232 4607 23
1251 4551 1382 4620 saltuum]
1402 4549 1550 4605 saltiimH

235 4657 273 4710 ’26
291 4655 398 4726 scripsit
420 4655 443 4709 0
1295 4737 1331 4790 S*
