3780 5536
828 542 1018 612 Hieronymus.
1525 550 1582 610 117

177 711 260 770 ΑΘΗ
358 703 367 786 l
389 703 505 770 Cartha
525 705 559 770 in
580 707 665 773 tribu
687 708 837 788 Zabulon,
858 714 1002 793 separata
1023 708 1150 775 Iieuitis.
1600 731 1651 785 110

359 803 450 870 Getta
471 803 504 868 in
526 807 610 872 tribu
631 807 780 888 Zabulon,
803 810 915 874 ciuitas
937 814 1080 892 separate
1100 808 1228 874 Leuitis.

357 1003 442 1069 Cana
473 1027 574 1090 usque
604 1009 642 1070 ad
663 1006 811 1074 Sidonem
842 1009 1005 1088 maiorem,
1035 1020 1078 1074 esi
1106 1014 1214 1091 quippe
1243 1019 1269 1073 el
1290 1013 1382 1072 allero
1402 1013 1512 1084 minor,
1546 1012 1585 1071 ad

274 1107 362 1166 cuius
391 1109 612 1170 distinctionem
641 1113 739 1172 amiur
768 1113 837 1173 haee
858 1115 973 1173 dicitur.
1016 1108 1079 1173 fuit
1099 1112 1205 1172 autem
1228 1107 1314 1173 Caua
1334 1107 1368 1171 in
1388 1107 1473 1172 tribu
1494 1108 1584 1184 Aser,

240 1202 331 1268 oubi
352 1204 498 1268 dominus
519 1211 626 1271 noster
648 1211 743 1291 atque
765 1209 905 1274 saluator
926 1231 1025 1292 aquas
1047 1209 1143 1273 uertit
1163 1209 1198 1272 in
1219 1209 1338 1287 uinum,
1361 1209 1443 1271 unde
1467 1211 1497 1271 et
1519 1203 1584 1270 Na-

275 1303 402 1368 thanael
422 1327 516 1368 uerus
539 1303 681 1370 Israelita
703 1307 869 1372 saluatoris
892 1310 1072 1373 testimonio
1095 1309 1327 1391 comprobatur.
1369 1311 1401 1370 et
1422 1311 1470 1370 est
1491 1307 1584 1370 hodie

275 1403 427 1487 oppidum
448 1403 482 1468 in
505 1403 645 1471 Galilaea
667 1408 816 1491 gentium.

359 1502 458 1569 Codes
480 1506 574 1569 sortis
596 1503 785 1587 Nelthalim‚
808 1507 919 1573 ciuitas
941 1508 1145 1574 sacerdotalis
1169 1512 1200 1572 et
1221 1506 1430 1590 fugitiuorum
1452 1505 1485 1568 in
1501 1503 1586 1570 Gali·

277 1601 347 1666 laea
368 1625 463 1686 super
484 1610 624 1671 montem
638 1605 822 1672 N'efthalim.
859 1611 913 1672 sed
936 1613 967 1672 et
988 1607 1071 1672 hano
1091 1607 1174 1690 oepit
1196 1629 1251 1671 rex
1264 1606 1477 1690 Assyriorum.
1506 1625 1585 1688 quae

227 1707 260 1762 10
279 1723 362 1765 nuno
385 1701 534 1786 Cydissus
557 1705 743 1788 appellatur,
764 1707 796 1772 in
819 1707 970 1772 uicesimo
992 1705 1069 1790 Tyri
1091 1706 1227 1772 miliario
1249 1707 1337 1770 iuxta
1359 1705 1545 1769 Peneadem.

361 1901 508 1967 Cartham
530 1903 563 1967 in
584 1904 668 1968 tribu
692 1902 877 1982 Nefthalim,
900 1905 1012 1970 ciuitas
1034 1911 1177 1988 separata
1199 1904 1325 1968 Leuitis

768 2169 816 2234 De
838 2171 984 2236 Iudioum
1005 2170 1096 2235 libra.

362 2299 479 2366 Cetron
500 2300 534 2364 in
555 2302 640 2367 tribu
662 2300 811 2382 Zabulon,
833 2303 867 2366 in
889 2325 952 2387 qua
973 2304 1098 2387 pristini
1120 2325 1319 2386 permansere
1341 2301 1486 2366 cultores.

363 2499 484 2578 Cercar,
506 2501 561 2565 ubi
584 2506 671 2565 erant
692 2500 792 2566 Zebee
815 2506 845 2566 et
860 2499 1016 2579 Selmena,
1039 2524 1117 2586 quos
1139 2500 1296 2568 interfecit
1313 2501 1449 2567 Gedeon.
1490 2504 1520 2564 et
1543 2504 1591 2564 est

231 2619 382 2683 lausque
403 2600 497 2666 hodie
519 2601 683 2665 castellum
705 2606 915 2686 cognomento
938 2601 1095 2681 (lardaria,
1116 2603 1209 2667 unius
1232 2600 1294 2666 diei
1315 2600 1426 2665 itinere
1448 2601 1488 2664 ab
1510 2599 1588 2663 urbe

281 2700 376 2764 Petra
398 2700 526 2765 distans.

366 2798 484 2863 Camon
507 2800 618 2865 ciuitas
640 2802 715 2879 Iair,
737 2801 770 2864 in
793 2822 856 2885 qua
878 2805 910 2865 et
930 2800 1073 2884 sepultus
1096 2805 1143 2866 est
1165 2801 1235 2879 lair,
1258 2823 1329 2866 oum
1351 2799 1488 2884 primum
1509 2798 1590 2862 iudi·

282 2904 384 2964 easset
412 2899 564 2982 populum
594 2899 699 2964 lsrael.
747 2898 924 2982 appellatur
954 2905 1058 2965 autem
1090 2901 1246 2985 hodieque
1277 2902 1367 2965 uiaus
1398 2896 1528 2963 Cimona
1557 2898 1591 2961 in

283 3020 394 3082 eampo
416 2997 570 3064 latissimo
592 3021 647 3064 sex
668 2999 796 3064 milibus
818 2995 993 3081 aLegione
1015 3002 1054 3063 ad
1076 2999 1352 3083 septentrionalem
1373 2997 1501 3082 plagam
1522 3019 1591 3080 per·

232 3105 265 3160 20
284 3100 432 3182 gentibus
454 3098 695 3164 Ptolemaidem.

366 3197 462 3264 Cison
492 3203 614 3264 torrens
644 3200 731 3263 iuxta
761 3206 899 3266 montem
921 3199 1056 3280 Thabor,
1086 3201 1141 3265 ubi
1172 3203 1281 3263 eontra
1303 3195 1440 3262 Sisaram
1463 3195 1590 3259 dimica·

282 3303 428 3364 tumeat

365 3397 493 3464 Cademi
515 3403 645 3476 torrens,
666 3399 755 3463 iuxta
777 3421 869 3483 quem
894 3398 1037 3463 Deborra
1059 3397 1177 3462 bellum
1200 3397 1306 3482 gessit.

367 3498 480 3564 Coelas
502 3496 697 3578 Titanorum,
727 3505 760 3562 id
780 3510 823 3563 esi
842 3503 933 3562 uallis
953 3503 1118 3578 qiqautum,
1140 3499 1290 3562 aduersus
1312 3517 1392 3578 quos
1420 3492 1593 3576 proeliatus

232 3601 265 3656 25
284 3603 332 3662 est
352 3599 465 3663 Dauid.

370 4709 539 4774 lZabulonl
559 4715 590 4772 -l-
609 4707 706 4763 ciuitas
730 4709 770 4760 Va
824 4708 945 4764 eooiu
966 4708 1002 4763 0¹
1057 4709 1091 4762 17
1113 4706 1229 4764 lair²<
1248 4705 1287 4759 Va
1341 4705 1380 4760 ‘28
1399 4703 1598 4760 DebboraAH
