3780 5536
770 504 960 574 Hieronymus.

115 765 197 822 ΑΘΗ
739 754 788 818 De
810 753 881 820 lesu
902 752 1003 820 Naue.

294 904 466 970 Ierusalem
487 903 520 967 in
536 926 598 988 qua
613 908 759 990 regnauit
774 895 982 972 Adonibeaec.
1014 909 1132 988 etpost
1147 928 1215 970 eam
1229 910 1358 970 tenuere
1374 906 1525 984 lebusaei,

209 1005 366 1088 equibus
398 1010 428 1070 et
458 1005 570 1069 sortita
600 1006 790 1070 uocabulum
824 1009 878 1070 est.
922 1027 1001 1088 quos
1031 1006 1133 1069 multo
1161 1010 1234 1089 post
1255 1009 1398 1088 tempore
1419 1005 1526 1069 Dauid

209 1105 437 1183 exterminans,
467 1105 565 1168 totius
597 1127 664 1169 eam
687 1103 819 1169 Iudaeae
849 1104 1030 1187 prouinciae
1060 1105 1262 1187 metropolim
1284 1105 1456 1170 fabricatus
1478 1109 1526 1168 est

174 1213 190 1265 5
210 1227 259 1282 eo,
283 1208 369 1289 quod
391 1205 435 1270 ibi
457 1204 564 1270 locum
584 1204 695 1287 templi
717 1208 828 1269 emerit
850 1211 881 1268 et
901 1204 1059 1286 impensas
1081 1209 1257 1269 structurae
1279 1204 1442 1270 Salomoni
1457 1203 1525 1270 filio

209 1303 424 1389 dereliquerit.
467 1305 549 1367 hanc
578 1326 645 1368 esse
666 1305 789 1369 Iosefus
816 1305 912 1368 refert
942 1325 1023 1385 quae
1053 1304 1086 1367 in
1110 1304 1224 1369 Genesi
1251 1305 1398 1370 scribitur
1421 1302 1525 1368 Salem

209 1406 271 1468 sub
295 1424 368 1488 rege
390 1403 609 1470 Melchisedec.
652 1405 715 1468 fuit
736 1409 842 1468 autem
863 1404 896 1467 in
919 1404 1004 1466 tribu
1026 1403 1201 1469 Beniamin.

295 1503 389 1570 lebas
410 1504 479 1586 ipsa
502 1507 549 1568 est
572 1525 652 1586 quae
675 1509 706 1567 et
727 1503 906 1568 Ierusalem.

296 1602 391 1667 larim
414 1603 528 1667 ciuitas
551 1602 804 1668 Gabaonitarum.

158 1710 192 1763 10
298 1701 449 1767 larimuth
471 1703 583 1767 ciuitas
598 1724 693 1786 quam
709 1701 865 1767 subuertit
878 1701 974 1768 lesus.
1003 1704 1036 1766 in
1049 1703 1134 1766 tribu
1149 1701 1254 1781 Iudae,
1277 1708 1389 1787 quarto
1406 1702 1525 1766 distans

210 1801 250 1864 ab
275 1801 515 1886 Eleutheropoli
536 1802 642 1886 lapide
664 1804 753 1867 iuxta
773 1802 885 1867 uillam
906 1800 1047 1868 Esthaol.

296 1901 428 1968 lsimoth
459 1903 515 1966 ubi
546 1903 749 1968 absconditus
781 1907 828 1967 est
848 1901 962 1966 Dauid.
1007 1905 1044 1965 de
1076 1924 1139 1986 qua
1166 1906 1196 1967 et
1218 1924 1313 1985 supra
1336 1901 1411 1984 quid
1434 1899 1525 1965 nobis

209 2002 373 2065 uideretur
403 2002 548 2082 diximus,
578 2007 730 2084 ponentes
761 2002 971 2066 Bethsimuth.
1018 2003 1074 2065 sed
1105 2006 1137 2066 et
1166 2002 1200 2065 in
1230 2001 1413 2085 Regnorum
1443 1999 1525 2065 libro

211 2101 316 2182 primo
347 2125 404 2184 pro
426 2102 559 2167 lsimuth
582 2102 700 2185 Aquila
729 2104 954 2185 interpretatur
983 2101 1180 2184 dissipatam,
1213 2100 1420 2182 Symmachus
1450 2122 1525 2164 uero

160 2207 193 2258 15
214 2203 381 2267 desertam.

297 2301 394 2366 ledna
416 2303 449 2365 in
472 2306 559 2366 sexto
583 2303 621 2366 ab
644 2299 884 2382 Eleutheropoli
904 2298 1009 2382 lapide
1031 2301 1237 2383 pergentibus
1260 2299 1416 2365 Chebron.

298 2499 443 2565 leconam
466 2501 576 2566 ciuitas
599 2499 734 2566 Carmeli
756 2521 851 2582 quam
874 2499 957 2582 cepit
977 2498 1064 2564 lesus
1086 2520 1160 2584 rege
1181 2499 1267 2564 illius
1289 2499 1463 2564 interfecto.
1551 2529 1553 2534 ·

297 2699 363 2764 Iair
385 2701 496 2766 ciuitas
519 2700 620 2764 tribus
642 2699 796 2763 Manasse.

297 2798 416 2864 lamnol
437 2803 470 2865 in
492 2801 578 2865 tribu
592 2800 697 2864 ludae.
734 2802 780 2861 est
801 2819 900 2881 usque
916 2798 1010 2862 hodie
1025 2800 1176 2882 oppidum
1191 2797 1387 2863 Palaestinae
1403 2795 1526 2860 Iemnia

158 2909 193 2962 20
212 2899 296 2962 inter
318 2898 500 2982 Diospolim
522 2905 554 2963 et
575 2900 722 2963 Azotum.

295 2998 380 3063 Iabir
402 3001 514 3064 ciuitas
536 2999 714 3064 litterarum
735 2997 767 3059 in
789 2997 875 3060 tribu
896 2997 1000 3062 ludae.

295 3097 389 3182 lagur
410 3100 443 3162 in
464 3098 551 3163 tribu
572 3097 677 3164 Iudae.

294 3197 413 3263 lermus
434 3199 469 3263 in
491 3199 576 3262 tribu
595 3197 699 3262 Iudae.
744 3199 790 3260 est
820 3217 920 3278 usque
941 3196 1034 3260 hodie
1056 3195 1134 3259 uilla
1156 3194 1324 3259 Iermucha
1345 3193 1378 3256 in
1400 3193 1522 3258 decimo

214 3297 252 3361 ab
275 3297 515 3381 Eleutheropoli
535 3298 641 3381 lapide
663 3296 905 3360 ascendentibus
927 3295 1061 3360 Aeliam.

160 3407 194 3461 25
291 3397 303 3481 ΙΙ
318 3397 477 3463 lechthael
498 3399 532 3461 in
554 3397 639 3461 tribu
660 3394 766 3460 Iudae.
1541 3414 1591 3467 133

296 3499 427 3562 lecthan
447 3498 482 3561 in
503 3497 588 3561 tribu
609 3495 714 3560 Iudae.

298 4491 358 4548 2¹.
377 4492 432 4563 rgl.
450 4493 524 4547 Hier.
543 4511 584 4564 ep.
603 4495 660 4559 108,
679 4495 695 4548 9

300 4679 337 4732 aa
357 4678 477 4732 leathra}
496 4678 572 4747 no)
592 4677 697 4732 asnaa
715 4678 793 4746 (aar
860 4679 897 4732 ac
916 4678 933 4732 ι.
952 4678 1059 4731 archan
