3750 5540
775 531 964 601 Hieronymus.
1465 538 1522 598 161

121 705 205 760 ΑΘΗ
301 694 414 776 Setina,
436 718 493 779 pro
516 719 579 779 quo
602 696 720 780 Aquila
743 703 773 762 et
796 699 1002 782 Symmachus
1024 699 1268 782 interpretantur
1289 696 1478 781 aquilonem.

301 793 418 860 Sorech
449 819 563 861 nornen
594 798 748 876 torrentis,
779 802 817 862 de
848 821 911 884 qno
941 799 1012 865 loco
1043 799 1104 862 fnit
1125 797 1230 862 Dalila
1256 797 1311 860 illa
1333 796 1524 879 Sampsonis.

214 898 270 958 sed
301 899 332 958 et
361 917 462 978 usque
492 897 585 960 hodie
615 898 654 958 ad
675 898 951 978 septentrionalem
981 899 1109 983 plagam
1129 895 1412 980 Eleutheropoleos
1434 897 1523 960 uicus

215 995 390 1059 ostenditur
411 996 538 1059 nomine
555 993 758 1060 Cafarsorech
780 998 868 1061 iuxta
889 998 999 1064 uillam
1015 998 1119 1077 Sarae,
1140 999 1223 1061 unde
1238 1001 1270 1061 et
1285 995 1440 1078 Sampson
1454 995 1523 1059 fuit.

181 1264 198 1317 5
686 1246 734 1310 De
756 1245 937 1331 Regnorum
959 1248 1056 1312 libris.

299 1429 396 1494 Sofiiu
419 1452 509 1496 mous
532 1429 652 1494 Eiraim
674 1429 707 1493 in
728 1429 799 1496 loco
822 1433 1016 1497 Armathem.

299 1527 399 1592 Salisa
422 1551 517 1612 quam
538 1529 719 1613 pertransiit
741 1529 826 1596 Saul.

300 1607 403 1691 Senna
424 1650 538 1693 nomen
559 1634 673 1712 petrae.
806 1695 811 1704 ,

298 1727 416 1792 Saalim
431 1729 508 1792 uilla
523 1750 618 1813 quam
633 1730 813 1812 pertransiit
828 1729 912 1794 Saul.
941 1731 973 1793 in
990 1730 1104 1795 finibus
1118 1727 1399 1811 Eleutheropoleos
1415 1731 1524 1792 contra

166 1843 201 1896 10
217 1828 418 1906 occidentem,
440 1834 559 1911 septem
581 1829 620 1892 ab
644 1851 679 1891 ea
701 1828 827 1894 milibus
850 1831 977 1894 distans.

300 1926 388 1991 Sthif
406 1927 460 1992 nbi
482 1925 610 1991 Samuel
631 1927 752 1991 inuenit
771 1927 856 1992 Saul.

300 2025 407 2090 Sabim
430 2026 484 2090 ubi
507 2026 582 2091 Saul
604 2027 774 2109 proeliatus
796 2031 851 2092 est.

300 2124 418 2189 Sonam
449 2129 531 2190 unde
562 2126 623 2190 fuit
652 2127 708 2191 illa
738 2126 850 2190 mulier
873 2127 1050 2192 Sunamitis.
1093 2131 1140 2190 est
1170 2129 1274 2190 antem
1305 2147 1405 2209 usque
1430 2124 1523 2190 hodie

217 2225 306 2290 uicus
327 2227 360 2289 in
382 2225 499 2291 finibus
522 2225 671 2290 Sebastae
693 2227 726 2288 in
748 2226 876 2310 regione
898 2226 1112 2290 Acrabbitena
1134 2225 1290 2291 uocabulo
1313 2223 1431 2289 Sanim.

301 2323 464 2390 Sofamoth
486 2329 525 2389 ad
548 2348 642 2409 quem
664 2324 769 2389 locum
791 2325 877 2390 misit
899 2326 1011 2390 Dauid.

166 2438 198 2492 15
299 2423 386 2487 Seira
417 2447 531 2489 nomen
561 2426 648 2507 putei
678 2446 781 2508 aquo
804 2426 880 2490 Ioab
912 2425 987 2488 fecit
1021 2424 1135 2488 reuerti
1165 2423 1339 2507 principem
1370 2423 1524 2487 exercitus

214 2523 370 2587 Abenner.

299 2623 384 2687 Saba
407 2623 495 2688 cuius
518 2645 623 2707 regem
645 2624 800 2707 percussit
821 2624 933 2688 Dauid.

299 2722 434 2786 Sarthan
457 2745 537 2806 quae
560 2729 607 2789 est
629 2727 667 2788 ad
691 2726 809 2787 radices
831 2722 956 2788 Iezreel.

300 2822 410 2887 Sofera
432 2844 512 2906 quae
535 2829 566 2886 et
588 2824 677 2900 Sofir,
704 2827 787 2887 unde
809 2823 978 2887 ueniebant
999 2845 1096 2887 naues
1117 2820 1304 2888 Salomonis
1348 2825 1386 2887 de
1409 2843 1471 2905 qua
1494 2826 1524 2885 et

166 2933 200 2987 20
217 2943 311 3004 supra
333 2923 476 2985 diximus.
521 2928 568 2985 est
588 2944 679 2987 mons
703 2923 831 2987 orientis
853 2922 1013 3003 pertinens
1035 2926 1074 2985 ad
1096 2922 1203 2986 indiae
1226 2923 1396 3006 regionem.

300 3020 412 3086 Sarara
434 3020 545 3085 ciuitas
568 3022 771 3106 pergentibus
793 3021 904 3086 Edom.

300 3120 381 3184 Saba
412 3121 523 3184 ciuitas
558 3121 673 3205 regalis
704 3120 904 3204 Aethiopiae,
941 3143 1036 3204 quam
1065 3120 1186 3186 Iosefus
1218 3145 1235 3186 a
1266 3121 1421 3203 Cambyse
1451 3141 1525 3204 rege

216 3219 346 3286 Meroen
369 3221 624 3304 cognominatam
647 3243 684 3282 ex
707 3219 823 3285 sororis
845 3219 1000 3285 uocabulo
1021 3220 1125 3286 refert.

301 3419 372 3484 Sela
394 3421 448 3483 ubi
470 3443 635 3502 percussus
658 3423 706 3484 est
726 3419 806 3485 Ioas.

168 3531 201 3586 25
301 3518 487 3584 Saffaruaim
515 3522 552 3582 de
576 3521 690 3603 quibus
713 3519 790 3584 locis
812 3518 936 3602 Assyrii
959 3519 1215 3602 transmigrantes
1238 3517 1470 3603 haibitauerunt
1491 3517 1523 3581 in
1542 3535 1592 3588 154

218 3617 368 3698 Samaria,
400 3623 431 3682 et
461 3621 500 3682 ab
523 3619 599 3702 ipsis
622 3619 890 3684 Samaritanorum
912 3638 989 3702 gens
1011 3618 1144 3701 sumpsit
1166 3617 1337 3683 exordium.
1381 3619 1524 3682 meminit

216 3720 328 3784 horum
352 3723 382 3782 et
396 3717 514 3783 Esaiae.

301 3816 470 3882 Sademoth
494 3819 548 3880 ubi
570 3818 669 3881 iosias
692 3840 744 3881 rex
767 3817 926 3882 idolorum
947 3819 1037 3901 signa
1059 3816 1241 3882 combussit.

304 4495 390 4550 eiua
409 4502 442 4554 <
462 4495 518 4546 ΑΗ
581 4495 685 4549 tdaar
710 4496 748 4548 Va
835 4496 1047 4550 arimathea
1067 4493 1283 4550 ArmathaimO
1354 4493 1529 4549 stanneo

221 4596 372 4653 11tSif‘?
438 4594 568 4664 {Saulem
588 4597 645 4648 An
713 4596 750 4651 14
770 4597 939 4665 Sopharnoih
963 4599 1001 4650 i'u
1069 4599 1106 4654 18
1124 4597 1260 4650 iezraelae
1279 4595 1358 4663 (CJH
1422 4596 1524 4651 1980-

218 4697 297 4769 phira
315 4695 430 4766 quan
497 4700 536 4752 ‘20
555 4699 604 4764 est]
626 4703 767 4761 †a11tem
786 4697 840 4751 AO
907 4700 943 4753 21
965 4701 1060 4754 ¹Qerora
1083 4699 1123 4751 Va

282 4784 399 4828 Eusebius
414 4783 457 4828 111.
1288 4781 1320 4834 ll
