3780 5536
791 436 981 507 Hieronymus.
1504 445 1544 507 55

167 607 220 664 Ac
316 603 405 668 Bane
427 604 461 669 in
481 604 567 670 lribu
588 604 668 671 Dan.

316 701 419 866 llam
447 703 481 768 in
510 704 596 768 tribu
617 704 695 769 Dan.
738 727 838 789 usque
868 705 963 770 hodie
992 727 1090 789 prope
1111 705 1249 771 Azotum
1272 705 1392 770 Bareca
1420 697 1545 770 uiculus

234 823 316 885 appe
343 807 424 868 ahur.

724 970 773 1034 De
794 970 939 1036 lodicum
959 969 1051 1035 libro.

200 1129 216 1180 5
316 1117 419 1184 Bezec
440 1121 516 1184 urbs
537 1119 621 1203 regis
636 1120 844 1185 Adonihenec
881 1123 913 1184 el
933 1120 1092 1205 hodieque
1113 1124 1193 1185 duae
1213 1118 1309 1184 uillae
1331 1124 1405 1186 sunl
1418 1120 1544 1185 nomine

234 1216 337 1282 Bezeo
357 1217 481 1282 uicinae
510 1218 572 1284 sibi
592 1221 625 1285 in
656 1219 791 1304 sephimo
814 1219 936 1284 decimo
957 1218 1062 1304 lapide
1083 1242 1102 1283 a
1123 1218 1261 1304 Neapoli
1283 1221 1543 1286 descendanhihus

235 1315 464 1401 Scythopolim.

316 1415 465 1482 Bethsan
508 1419 628 1485 euhoe
649 1419 766 1503 oppido
794 1419 896 1484 tribua
917 1419 1062 1485 Manasse
1087 1420 1210 1486 accolas
1230 1407 1381 1504 pristinos
1403 1442 1467 1485 non
1487 1441 1544 1503 po·

233 1515 295 1580 ruit
317 1516 480 1599 expellere.
524 1523 555 1582 el
575 1540 661 1583 nunc
682 1518 860 1602 appellatur
881 1517 1085 1602 Scythopolis
1107 1521 1183 1585 urbs
1203 1519 1319 1585 nobilis
1338 1518 1544 1600 Palaestinae,

184 1619 217 1675 10
235 1636 330 1698 qnam
362 1615 521 1680 interdum
553 1619 709 1701 scriptura
743 1616 956 1703 cognolhninal
984 1621 1113 1684 domum
1144 1618 1221 1698 San,
1256 1621 1342 1702 quod
1370 1618 1404 1682 in
1433 1618 1544 1704 lingua
1561 1623 1611 1678 106

233 1719 340 1780 noshra
360 1714 584 1800 inlerprelatur
604 1717 758 1782 inimicus.

316 1812 502 1881 Bethsames
526 1817 637 1882 ciuitas
659 1817 863 1882 sacerdotalis
883 1819 917 1882 in
938 1817 1023 1883 tribu
1038 1817 1213 1899 Beniamin,
1235 1840 1316 1903 quae
1334 1839 1436 1900 usque
1450 1818 1543 1883 hodie

237 1915 467 1980 demonstratur
488 1917 527 1980 de
541 1915 782 2001 Eleutheropoli
801 1917 1005 2002 pergentibus
1019 1915 1201 2001 Nicopolim
1223 1917 1258 1983 in
1273 1918 1394 1982 decimo
1408 1917 1542 1984 miliario

236 2018 345 2079 conhra
367 2015 551 2080 orientalem
572 2014 709 2099 plagam.

186 2119 217 2171 15
317 2112 478 2179 Bathnahh
500 2115 533 2180 in
550 2119 634 2180 sorte
648 2115 749 2180 hibus
765 2114 950 2182 stthalim.
986 2119 1039 2181 sed
1054 2138 1113 2182 nee
1130 2120 1169 2183 de
1183 2118 1242 2181 hac
1255 2116 1406 2201 pristinos
1420 2115 1544 2182 accolas

234 2211 335 2277 tribus
356 2211 534 2279 Neflhalim
555 2213 657 2279 ualuit
679 2215 843 2300 expellere.
873 2233 875 2240 ’

316 2311 501 2379 Bethsames
523 2314 622 2380 altera
642 2314 676 2378 in
698 2315 781 2380 hrihu
795 2313 981 2397 Nellhalim,
1001 2315 1035 2381 in
1057 2336 1120 2400 qua
1142 2319 1173 2380 et
1185 2316 1256 2399 ipsa
1270 2314 1407 2380 cullores
1418 2313 1544 2398 pristini

232 2433 442 2495 permansere.
1543 2455 1545 2460 .

315 2511 506 2578 Baalermon
526 2535 618 2579 mons
639 2514 722 2578 circa
743 2512 898 2579 Libanum
919 2514 953 2578 in
973 2513 1090 2578 finibus
1111 2512 1336 2597 Allolylorum.

184 2716 218 2771 20
316 2709 450 2777 Baalelh
470 2710 504 2774 in
524 2712 611 2777 tribu
632 2711 712 2777 Dan.

140 2809 225 2865 ΑΘΗ
319 2809 489 2889 Belhhera,
511 2813 599 2895 quod
618 2810 842 2894 interpretatur
863 2815 976 2878 domus
998 2834 1099 2897 aquae
1111 2812 1178 2878 siue
1192 2813 1287 2896 pulei,
1310 2834 1405 2898 quam
1421 2812 1547 2895 expedi·

236 2910 323 2975 tione
343 2909 484 2975 bellandi
506 2910 675 2994 occupauit
696 2909 832 2977 Gedeon.
972 2901 975 2908 ’
1387 2901 1391 2914 ”

318 3008 505 3075 Bethasehla
525 3009 581 3074 ubi
602 3014 692 3094 terga
712 3009 810 3074 uerhih
830 3008 980 3076 Modiam.

318 3107 468 3190 Balanea,
487 3114 521 3174 ia
540 3121 585 3174 eet
603 3133 737 3192 qaam,
758 3107 955 3191 sicimorum,
985 3111 1040 3175 uhi
1061 3111 1206 3195 regnauit
1227 3109 1421 3176 Abimalech.
1464 3103 1547 3193 quae

184 3214 217 3270 25
234 3229 336 3292 usque
364 3209 463 3275 hodie
489 3209 678 3274 ostenditur⁴
693 3208 727 3273 in
756 3209 938 3274 suburbano
968 3231 1040 3275 rure
1062 3208 1257 3294 Neaspoleos
1286 3213 1416 3294 propter
1441 3207 1547 3292 sepul:

235 3328 323 3372 crum
344 3306 435 3373 Iosef.
1525 3303 1529 3310 ’

318 3403 488 3487 Boroonni,
508 3410 595 3491 quod
616 3408 738 3492 Aquila
759 3409 791 3473 in
813 3408 929 3492 spinas,
950 3407 1157 3491 Symmachus
1171 3411 1268 3475 uertit
1287 3409 1320 3474 in
1341 3407 1484 3475 tribulos.

317 3505 408 3585 Bera,
429 3506 485 3571 ubi
506 3528 578 3572 cum
596 3507 781 3573 Ahimelech
804 3507 946 3573 loatham
967 3508 1109 3592 fugisset,
1130 3509 1296 3575 habitauit.
1329 3511 1426 3575 distat
1439 3513 1545 3574 aulem
1570 3549 1573 3556 ·

234 3605 325 3669 uicus
348 3603 434 3669 Bera
456 3607 495 3670 ab
517 3605 756 3691 Eleutheropoli
778 3611 849 3673 octo
870 3607 999 3673 milibus
1022 3610 1061 3672 ad
1082 3608 1271 3693 aquilonem.

320 4505 473 4561 aaarec
538 4473 704 4563 oroneo
770 4506 992 4576 aoyaaoeenr
1045 4506 1082 4562 ar
1102 4501 1196 4572 quam]
1215 4502 1340 4568 ÷nu
1387 4502 1542 4560 saserna-

234 4609 313 4675 septa
330 4606 415 4661 ΑΒΗ
428 4607 603 4664 Belhlasecta
624 4609 647 4664 0
713 4608 752 4665 28
770 4608 868 4663 Ioalha
884 4609 911 4662 A
928 4608 1046 4663 Ioathan
1064 4606 1096 4661 H
