3752 5542
803 483 994 554 Hieronymus.

176 1415 232 1470 Ao
329 1399 487 1473 Eusebius,
510 1371 604 1476 quio
625 1399 705 1459 beato
727 1399 857 1476 Peinsile
879 1407 1009 1479 martyre
1030 1406 1256 1478 copnorneninm
1277 1402 1401 1462 sortitus
1422 1408 1472 1476 esi,
1488 1409 1559 1480 posi
1575 1409 1609 1464 82

246 1500 341 1559 decem
367 1498 733 1558 inanescentem
755 1498 857 1574 libros,
880 1507 951 1578 post
973 1507 1138 1578 iempornm
1158 1518 1299 1575 canones,
1322 1520 1397 1578 quoe
1417 1520 1475 1562 noe
1495 1502 1557 1562 La-

247 1591 311 1658 tna
340 1598 445 1674 linque
474 1598 636 1672 edidimus,
667 1597 741 1677 post
770 1593 965 1659 diuersarum
994 1594 1152 1660 uocabula
1177 1595 1355 1676 notionum,
1385 1619 1466 1680 quee
1494 1619 1557 1682 quo

247 1695 341 1758 modo
369 1693 446 1758 olim
474 1696 558 1775 opud
579 1689 741 1758 Hebraeos
768 1693 853 1757 dicte
879 1696 943 1759 sint
969 1700 1000 1759 et
1025 1717 1109 1760 nuno
1132 1695 1276 1758 dicentur
1297 1695 1456 1779 exposuit,
1483 1701 1557 1780 post

214 1807 229 1859 5
247 1793 475 1876 chorogrsfiem
496 1797 597 1856 terroe
619 1791 754 1858 Iudaeae
778 1798 808 1857 et
826 1794 990 1860 distinctos
1007 1795 1147 1860 tribuum
1172 1799 1284 1873 sortes,
1305 1795 1404 1878 ipsius
1428 1817 1556 1880 quoque

246 1889 416 1957 Ierusalem
438 1889 612 1976 templique
633 1893 667 1956 in
691 1915 727 1958 ee
742 1914 814 1957 cum
836 1893 1021 1960 breuissime
1042 1893 1239 1978 expositione
1260 1894 1425 1977 picturam,
1448 1896 1489 1959 ed
1503 1916 1555 1960 ex-

246 1997 380 2057 tremum
410 1991 444 2055 in
474 1992 535 2056 hoc
567 1993 720 2074 opusculo
750 1992 920 2072 laborauit,
950 1999 987 2058 ut
1018 1997 1226 2079 congregaret
1255 1993 1346 2058 nobie
1377 1995 1416 2056 de
1446 1998 1555 2058 sancte

246 2092 401 2176 scripture
422 2091 564 2155 omnium
585 2114 684 2174 paene
706 2091 845 2172 urbium,
866 2095 1036 2173 montium,
1056 2093 1235 2172 fluminum,
1256 2093 1434 2158 uiculorum
1456 2098 1487 2158 et
1508 2093 1555 2158 di·

245 2213 409 2256 uersorum
430 2190 574 2255 locorum
595 2191 760 2271 uocabulo,
782 2214 863 2275 quae
885 2193 937 2257 uel
960 2195 1068 2258 eedem
1089 2197 1217 2257 manent
1235 2189 1287 2256 uel
1302 2192 1468 2258 immutate
1481 2197 1555 2258 sunt

196 2303 228 2358 10
245 2297 367 2374 postea,
393 2289 446 2355 uel
473 2290 580 2374 alique
607 2313 645 2355 ex
666 2296 756 2374 perte
778 2297 932 2376 corrupte.
975 2297 1055 2357 ende
1075 2303 1102 2356 et
1121 2317 1187 2372 noe,
1214 2297 1401 2356 admirabilis
1422 2298 1486 2357 ciri
1506 2317 1553 2356 se-

246 2401 365 2473 quentes
390 2387 542 2466 eludium,
569 2395 733 2455 secundnm
759 2397 894 2456 ordinem
919 2398 1084 2456 litterarum
1109 2402 1143 2456 rei
1163 2403 1236 2456 enni
1255 2397 1290 2456 in
1316 2397 1425 2457 Graeco
1441 2397 1552 2474 poeim,

246 2495 467 2568 transtulimus,
486 2494 683 2572 relinquentes
703 2514 737 2556 ea
758 2515 832 2573 qnae
854 2497 947 2576 dione
966 2496 1111 2556 nremoria
1125 2514 1188 2556 non
1202 2495 1350 2570 enitentur,
1373 2502 1400 2556 et
1412 2497 1553 2574 pleraque

244 2601 399 2656 mutones.
442 2593 531 2654 semel
558 2595 640 2654 enim
665 2601 691 2655 ei
711 2596 747 2655 in
769 2603 934 2674 temporem
955 2596 1028 2655 istro
1042 2596 1200 2673 praefatus
1220 2614 1299 2670 einr,
1325 2614 1373 2656 me
1392 2595 1442 2655 nel
1461 2596 1553 2655 inier-

239 2700 353 2772 protem
378 2713 440 2754 esee
465 2693 514 2752 uei
538 2695 617 2753 noni
642 2696 739 2772 operis
759 2696 947 2770 conditorem,
973 2697 1104 2755 menime
1128 2715 1197 2755 enni
1222 2695 1346 2773 qnidam
1367 2696 1423 2754 nie
1437 2696 1553 2772 primis

194 2798 226 2851 15
243 2793 378 2854 imbutus
404 2793 508 2852 liitene
533 2793 613 2853 inne
638 2795 763 2855 eundem
790 2795 901 2855 lmen
927 2814 1024 2856 ansus
1049 2795 1144 2854 sitin
1165 2795 1308 2854 Latinam
1330 2795 1468 2871 linquam
1488 2813 1552 2855 non

243 2893 351 2953 latine
380 2899 506 2954 uenere:
534 2893 624 2952 cuine
649 2895 834 2972 imperitiam
859 2914 894 2955 ee
922 2897 1140 2972 comparatione
1164 2912 1269 2954 eorum
1295 2913 1369 2972 pree
1394 2895 1550 2954 transtuli-

242 3010 322 3068 mus,
352 2994 490 3070 pendens
522 2994 624 3052 eteiirn
650 2993 735 3053 Lector
759 2995 900 3054 inueniet.
943 3001 977 3054 ni
1002 2995 1080 3054 enim
1104 2993 1182 3054 mihi
1207 2993 1316 3053 mceleo
1335 3012 1399 3055 non
1418 2994 1550 3068 uindico,

242 3092 286 3152 ite
307 3098 398 3152 ierrae
418 3093 602 3152 cohaerentia
622 3095 792 3170 euperpredi
808 3111 897 3170 posse
918 3113 964 3153 rne
984 3094 1075 3154 credo.

801 3356 850 3421 De
874 3354 995 3421 Genesi.

190 3495 224 3553 20
322 3473 439 3538 Arctet
459 3473 618 3539 Armenia.
661 3473 817 3556 siquidem
838 3470 871 3535 in
893 3472 1054 3538 montibus
1070 3471 1184 3536 Arctet
1206 3492 1278 3535 erce
1298 3476 1372 3554 post
1394 3470 1547 3536 diluuium

241 3571 358 3637 sedisse
379 3572 569 3654 perhibetur,
592 3575 624 3636 et
644 3571 791 3637 dicuntur
812 3572 930 3636 ibidem
951 3593 1052 3656 usque
1073 3571 1167 3637 hodie
1186 3571 1252 3635 eius
1265 3591 1391 3634 manere
1405 3570 1548 3654 uestigia.

327 3771 388 3830 ln.
415 3772 471 3842 ng.
498 3771 546 3825 TU
564 3771 610 3828 NF
641 3771 719 3837 VIII,
736 3774 765 3836 2,
789 3775 821 3828 16
830 3771 849 3826 f.
938 3772 1016 3827 len.
1039 3771 1112 3826 Hier.
1142 3772 1234 3826 chron.
1261 3769 1303 3824 ed.
1330 3769 1453 3825 Schoene
1474 3771 1500 3838 Ι,
1518 3771 1547 3824 3:

240 3873 379 3929 sciendum
415 3873 518 3929 etenim
553 3877 595 3929 est
619 3891 664 3929 me
690 3877 719 3930 et
748 3873 904 3945 interpretis
936 3875 964 3927 et
994 3872 1134 3929 scribtoris
1165 3888 1200 3926 ex
1228 3875 1307 3943 perte
1338 3871 1429 3927 officio
1460 3889 1547 3928 usum.

241 3975 277 4031 el
289 3976 324 4034 ff.
341 3974 396 4044 vgl.
415 3975 489 4030 Hier.
508 3992 604 4029 comm.
623 3975 653 4030 in
671 3974 717 4030 Jes
734 3977 776 4041 37,
794 3975 863 4030 36ff.

323 4147 343 4202 0
370 4145 400 4200 in
422 4145 533 4199 nomine
555 4145 628 4202 trino
652 4144 746 4201 diuino
767 4145 866 4216 incipit
886 4144 958 4199 liber
978 4143 1102 4199 Iocorum
1124 4161 1141 4198 e
1163 4142 1245 4198 beato
1267 4141 1435 4214 Hieronymo
1457 4141 1547 4197 editus

239 4246 382 4318 AIncipIt
402 4245 529 4302 Profecio
552 4246 656 4301 eusebii
678 4245 823 4317 Sophronii
840 4245 974 4301 Jeronimi
994 4245 1025 4300 in
1046 4244 1118 4300 libro
1140 4245 1263 4299 Iocorum
1286 4243 1321 4297 eb
1343 4243 1454 4300 eusebio
1471 4260 1546 4314 pem·

237 4347 314 4417 philo
337 4348 482 4402 cesariensi
501 4347 627 4418 episcopo
644 4349 719 4419 prius
737 4347 811 4403 edito
832 4347 944 4417 quidem
960 4347 989 4400 in
1006 4363 1087 4416 greco
1105 4346 1152 4401 sed
1171 4362 1188 4399 e
1204 4345 1311 4416 prefato
1328 4344 1468 4400 Jeronimo
1485 4349 1548 4418 post

237 4449 348 4504 modum
376 4449 536 4520 diligentius
563 4449 599 4502 sd
624 4449 754 4504 Latinum
773 4448 867 4504 stilum
894 4449 1030 4504 translato
1053 4449 1076 4501 B
1102 4448 1200 4518 incipIt
1221 4446 1351 4518 prologus
1374 4447 1494 4502 locorum
1518 4450 1547 4501 et

237 4551 379 4604 nominum
402 4551 425 4606 O
475 4552 513 4608 18
537 4549 627 4621 credo]
647 4557 679 4616 -}-
697 4551 853 4622 explioItA
874 4553 902 4618 4-
923 4549 1035 4622 explicIt
1052 4549 1199 4622 praesens,
1218 4547 1315 4619 incipIt
1331 4547 1402 4602 liber
1423 4547 1546 4603 locorum

239 4653 325 4720 (soB)
343 4654 373 4708 et
393 4653 536 4708 nominum
558 4653 581 4709 0
1370 4731 1403 4786 l.
