<?xml version="1.0" encoding="UTF-8"?>
<!DOCTYPE html PUBLIC "-//W3C//DTD XHTML 1.0 Transitional//EN"
    "http://www.w3.org/TR/xhtml1/DTD/xhtml1-transitional.dtd">
<html xmlns="http://www.w3.org/1999/xhtml" xml:lang="en" lang="en">
 <head>
  <title>
</title>
<meta http-equiv="Content-Type" content="text/html;charset=utf-8" />
  <meta name='ocr-system' content='tesseract 3.04.00' />
  <meta name='ocr-capabilities' content='ocr_page ocr_carea ocr_par ocr_line ocrx_word'/>
</head>
<body>
  <div class='ocr_page' id='page_1' title='image "./diegriechischen02religoog/diegriechischen02religoog_0197.png"; bbox 0 0 3750 5540; ppageno 0'>
   <div class='ocr_carea' id='block_1_1' title="bbox 743 493 934 563">
    <p class='ocr_par' dir='ltr' id='par_1_1' title="bbox 743 493 934 563">
     <span class='ocr_line' id='line_1_1' title="bbox 743 493 934 563; baseline 0 -17"><span class='ocrx_word' id='word_1_1' title='bbox 743 493 934 563; x_wconf 82' lang='lat' dir='ltr'>Hieronymus.</span> 
     </span>
    </p>
   </div>
   <div class='ocr_carea' id='block_1_2' title="bbox 92 658 1165 844">
    <p class='ocr_par' dir='ltr' id='par_1_2' title="bbox 92 658 1165 844">
     <span class='ocr_line' id='line_1_2' title="bbox 92 658 733 727; baseline 0.005 -3"><span class='ocrx_word' id='word_1_2' title='bbox 92 659 175 714; x_wconf 64' lang='grc' dir='ltr'>ΑΘΗ</span> <span class='ocrx_word' id='word_1_3' title='bbox 275 658 395 725; x_wconf 81' lang='lat' dir='ltr'>Nafebh</span> <span class='ocrx_word' id='word_1_4' title='bbox 418 660 452 724; x_wconf 92' lang='lat' dir='ltr'>in</span> <span class='ocrx_word' id='word_1_5' title='bbox 473 661 557 726; x_wconf 75' lang='lat' dir='ltr'>tribu</span> <span class='ocrx_word' id='word_1_6' title='bbox 581 661 733 727; x_wconf 83' lang='lat' dir='ltr'>Manasse.</span> 
     </span>
     <span class='ocr_line' id='line_1_3' title="bbox 277 757 1165 844; baseline 0 -21"><span class='ocrx_word' id='word_1_7' title='bbox 277 757 393 825; x_wconf 86' lang='lat' dir='ltr'>Naalol</span> <span class='ocrx_word' id='word_1_8' title='bbox 414 761 447 824; x_wconf 91' lang='lat' dir='ltr'>in</span> <span class='ocrx_word' id='word_1_9' title='bbox 468 761 554 826; x_wconf 74' lang='lat' dir='ltr'>tribu</span> <span class='ocrx_word' id='word_1_10' title='bbox 575 761 718 827; x_wconf 83' lang='lat' dir='ltr'>Zabulon</span> <span class='ocrx_word' id='word_1_11' title='bbox 740 761 851 827; x_wconf 79' lang='lat' dir='ltr'>ciuiles</span> <span class='ocrx_word' id='word_1_12' title='bbox 873 766 1017 844; x_wconf 77' lang='lat' dir='ltr'>separata</span> <span class='ocrx_word' id='word_1_13' title='bbox 1039 760 1165 824; x_wconf 77' lang='lat' dir='ltr'>Leuilis.</span> 
     </span>
    </p>
   </div>
   <div class='ocr_carea' id='block_1_3' title="bbox 271 957 751 1026">
    <p class='ocr_par' dir='ltr' id='par_1_3' title="bbox 271 957 751 1026">
     <span class='ocr_line' id='line_1_4' title="bbox 271 957 751 1026; baseline 0.006 -4"><span class='ocrx_word' id='word_1_14' title='bbox 271 957 380 1023; x_wconf 85' lang='lat' dir='ltr'>Neeeb</span> <span class='ocrx_word' id='word_1_15' title='bbox 403 960 436 1022; x_wconf 92' lang='lat' dir='ltr'>in</span> <span class='ocrx_word' id='word_1_16' title='bbox 458 959 543 1024; x_wconf 81' lang='lat' dir='ltr'>tribu</span> <span class='ocrx_word' id='word_1_17' title='bbox 565 959 751 1026; x_wconf 77' lang='lat' dir='ltr'>Nefbhalim.</span> 
     </span>
    </p>
   </div>
   <div class='ocr_carea' id='block_1_4' title="bbox 682 1175 1008 1241">
    <p class='ocr_par' dir='ltr' id='par_1_4' title="bbox 682 1175 1008 1241">
     <span class='ocr_line' id='line_1_5' title="bbox 682 1175 1008 1241; baseline 0.003 -2"><span class='ocrx_word' id='word_1_18' title='bbox 682 1176 730 1240; x_wconf 90' lang='lat' dir='ltr'>De</span> <span class='ocrx_word' id='word_1_19' title='bbox 752 1177 833 1241; x_wconf 92' lang='lat' dir='ltr'>libro</span> <span class='ocrx_word' id='word_1_20' title='bbox 856 1175 1008 1240; x_wconf 86' lang='lat' dir='ltr'>Iudieum.</span> 
     </span>
    </p>
   </div>
   <div class='ocr_carea' id='block_1_5' title="bbox 133 1323 1500 1906">
    <p class='ocr_par' dir='ltr' id='par_1_5' title="bbox 133 1323 1500 1906">
     <span class='ocr_line' id='line_1_6' title="bbox 149 1323 1500 1410; baseline 0.003 -25"><span class='ocrx_word' id='word_1_21' title='bbox 149 1335 165 1385; x_wconf 71' lang='grc'>5</span> <span class='ocrx_word' id='word_1_22' title='bbox 272 1323 381 1390; x_wconf 81' lang='lat' dir='ltr'>Neela.</span> <span class='ocrx_word' id='word_1_23' title='bbox 418 1327 456 1388; x_wconf 92' lang='lat' dir='ltr'>de</span> <span class='ocrx_word' id='word_1_24' title='bbox 477 1325 536 1389; x_wconf 85' lang='lat' dir='ltr'>hae</span> <span class='ocrx_word' id='word_1_25' title='bbox 558 1325 749 1409; x_wconf 80' lang='lat' dir='ltr'>alienigenas</span> <span class='ocrx_word' id='word_1_26' title='bbox 772 1326 913 1391; x_wconf 81' lang='lat' dir='ltr'>Zabulon</span> <span class='ocrx_word' id='word_1_27' title='bbox 934 1349 998 1392; x_wconf 93' lang='lat' dir='ltr'>non</span> <span class='ocrx_word' id='word_1_28' title='bbox 1013 1327 1117 1410; x_wconf 80' lang='lat' dir='ltr'>quiuib</span> <span class='ocrx_word' id='word_1_29' title='bbox 1131 1325 1294 1409; x_wconf 83' lang='lat' dir='ltr'>expellere.</span> <span class='ocrx_word' id='word_1_30' title='bbox 1331 1326 1500 1391; x_wconf 77' lang='lat' dir='ltr'>esthodie-</span> 
     </span>
     <span class='ocr_line' id='line_1_7' title="bbox 186 1423 1056 1508; baseline 0.002 -20"><span class='ocrx_word' id='word_1_31' title='bbox 186 1445 249 1506; x_wconf 88' lang='lat' dir='ltr'>que</span> <span class='ocrx_word' id='word_1_32' title='bbox 272 1423 306 1487; x_wconf 91' lang='lat' dir='ltr'>in</span> <span class='ocrx_word' id='word_1_33' title='bbox 329 1424 456 1508; x_wconf 79' lang='lat' dir='ltr'>regione</span> <span class='ocrx_word' id='word_1_34' title='bbox 478 1423 638 1490; x_wconf 77' lang='lat' dir='ltr'>Baianaea</span> <span class='ocrx_word' id='word_1_35' title='bbox 659 1425 783 1491; x_wconf 86' lang='lat' dir='ltr'>uiculus</span> <span class='ocrx_word' id='word_1_36' title='bbox 806 1427 932 1491; x_wconf 87' lang='lat' dir='ltr'>nomine</span> <span class='ocrx_word' id='word_1_37' title='bbox 955 1425 1056 1491; x_wconf 90' lang='lat' dir='ltr'>Neila.</span> 
     </span>
     <span class='ocr_line' id='line_1_8' title="bbox 272 1521 1498 1609; baseline 0.001 -22"><span class='ocrx_word' id='word_1_38' title='bbox 272 1521 364 1588; x_wconf 89' lang='lat' dir='ltr'>Nabe</span> <span class='ocrx_word' id='word_1_39' title='bbox 395 1522 462 1587; x_wconf 90' lang='lat' dir='ltr'>siue</span> <span class='ocrx_word' id='word_1_40' title='bbox 486 1522 615 1604; x_wconf 91' lang='lat' dir='ltr'>Nobba‚</span> <span class='ocrx_word' id='word_1_41' title='bbox 645 1528 684 1588; x_wconf 89' lang='lat' dir='ltr'>ad</span> <span class='ocrx_word' id='word_1_42' title='bbox 716 1547 810 1609; x_wconf 88' lang='lat' dir='ltr'>quam</span> <span class='ocrx_word' id='word_1_43' title='bbox 844 1526 985 1590; x_wconf 73' lang='lat' dir='ltr'>aseendit</span> <span class='ocrx_word' id='word_1_44' title='bbox 1007 1525 1147 1601; x_wconf 82' lang='lat' dir='ltr'>Gedeon,</span> <span class='ocrx_word' id='word_1_45' title='bbox 1177 1527 1252 1590; x_wconf 91' lang='lat' dir='ltr'>urbs</span> <span class='ocrx_word' id='word_1_46' title='bbox 1283 1523 1498 1590; x_wconf 75' lang='lat' dir='ltr'>sacerdotibus</span> 
     </span>
     <span class='ocr_line' id='line_1_9' title="bbox 185 1624 1217 1707; baseline 0.002 -21"><span class='ocrx_word' id='word_1_47' title='bbox 185 1628 343 1706; x_wconf 77' lang='lat' dir='ltr'>separata,</span> <span class='ocrx_word' id='word_1_48' title='bbox 366 1645 461 1706; x_wconf 89' lang='lat' dir='ltr'>qnam</span> <span class='ocrx_word' id='word_1_49' title='bbox 482 1627 593 1705; x_wconf 75' lang='lat' dir='ltr'>postea</span> <span class='ocrx_word' id='word_1_50' title='bbox 612 1624 747 1707; x_wconf 85' lang='lat' dir='ltr'>legimus</span> <span class='ocrx_word' id='word_1_51' title='bbox 770 1624 873 1689; x_wconf 86' lang='lat' dir='ltr'>Saulis</span> <span class='ocrx_word' id='word_1_52' title='bbox 897 1626 1002 1690; x_wconf 90' lang='lat' dir='ltr'>furore</span> <span class='ocrx_word' id='word_1_53' title='bbox 1023 1626 1217 1690; x_wconf 79' lang='lat' dir='ltr'>subuersum.</span> 
     </span>
     <span class='ocr_line' id='line_1_10' title="bbox 272 1721 1497 1808; baseline 0 -21"><span class='ocrx_word' id='word_1_54' title='bbox 272 1721 390 1787; x_wconf 89' lang='lat' dir='ltr'>Nemra</span> <span class='ocrx_word' id='word_1_55' title='bbox 413 1722 524 1787; x_wconf 81' lang='lat' dir='ltr'>eiuilas</span> <span class='ocrx_word' id='word_1_56' title='bbox 546 1725 646 1788; x_wconf 76' lang='lat' dir='ltr'>tribus</span> <span class='ocrx_word' id='word_1_57' title='bbox 661 1723 772 1788; x_wconf 86' lang='lat' dir='ltr'>Ruben</span> <span class='ocrx_word' id='word_1_58' title='bbox 794 1725 826 1788; x_wconf 92' lang='lat' dir='ltr'>in</span> <span class='ocrx_word' id='word_1_59' title='bbox 848 1730 930 1788; x_wconf 79' lang='lat' dir='ltr'>terra</span> <span class='ocrx_word' id='word_1_60' title='bbox 946 1725 1070 1790; x_wconf 85' lang='lat' dir='ltr'>Galaad.</span> <span class='ocrx_word' id='word_1_61' title='bbox 1107 1730 1276 1808; x_wconf 76' lang='lat' dir='ltr'>estusque</span> <span class='ocrx_word' id='word_1_62' title='bbox 1298 1727 1497 1806; x_wconf 86' lang='lat' dir='ltr'>adpraesens</span> 
     </span>
     <span class='ocr_line' id='line_1_11' title="bbox 133 1820 984 1906; baseline 0.007 -24"><span class='ocrx_word' id='word_1_63' title='bbox 133 1831 166 1881; x_wconf 78' lang='lat' dir='ltr'>lo</span> <span class='ocrx_word' id='word_1_64' title='bbox 184 1820 278 1886; x_wconf 77' lang='lat' dir='ltr'>rrious</span> <span class='ocrx_word' id='word_1_65' title='bbox 301 1823 429 1906; x_wconf 86' lang='lat' dir='ltr'>grandis</span> <span class='ocrx_word' id='word_1_66' title='bbox 452 1821 590 1887; x_wconf 81' lang='lat' dir='ltr'><strong>Namara</strong></span> <span class='ocrx_word' id='word_1_67' title='bbox 611 1824 644 1886; x_wconf 91' lang='lat' dir='ltr'>in</span> <span class='ocrx_word' id='word_1_68' title='bbox 666 1823 793 1906; x_wconf 84' lang='lat' dir='ltr'>regione</span> <span class='ocrx_word' id='word_1_69' title='bbox 815 1823 984 1888; x_wconf 81' lang='lat' dir='ltr'>Balanaea.</span> 
     </span>
    </p>
   </div>
   <div class='ocr_carea' id='block_1_6' title="bbox 657 2038 1564 2122">
    <p class='ocr_par' dir='ltr' id='par_1_6' title="bbox 657 2038 1564 2122">
     <span class='ocr_line' id='line_1_12' title="bbox 657 2038 1564 2122; baseline -0.004 -20"><span class='ocrx_word' id='word_1_70' title='bbox 657 2039 705 2103; x_wconf 91' lang='lat' dir='ltr'>De</span> <span class='ocrx_word' id='word_1_71' title='bbox 727 2038 910 2122; x_wconf 82' lang='lat' dir='ltr'>Regnorum</span> <span class='ocrx_word' id='word_1_72' title='bbox 931 2039 1028 2104; x_wconf 90' lang='lat' dir='ltr'>libris.</span> <span class='ocrx_word' id='word_1_73' title='bbox 1514 2045 1564 2098; x_wconf 85' lang='grc'>143</span> 
     </span>
    </p>
   </div>
   <div class='ocr_carea' id='block_1_7' title="bbox 130 2188 1496 3468">
    <p class='ocr_par' dir='ltr' id='par_1_7' title="bbox 183 2188 1496 2370">
     <span class='ocr_line' id='line_1_13' title="bbox 271 2188 1496 2267; baseline -0.001 -14"><span class='ocrx_word' id='word_1_74' title='bbox 271 2188 414 2253; x_wconf 79' lang='lat' dir='ltr'>Nauiobh</span> <span class='ocrx_word' id='word_1_75' title='bbox 436 2189 524 2255; x_wconf 89' lang='lat' dir='ltr'>loeus</span> <span class='ocrx_word' id='word_1_76' title='bbox 546 2190 579 2254; x_wconf 94' lang='lat' dir='ltr'>in</span> <span class='ocrx_word' id='word_1_77' title='bbox 595 2189 702 2267; x_wconf 82' lang='lat' dir='ltr'>Rama,</span> <span class='ocrx_word' id='word_1_78' title='bbox 723 2190 778 2254; x_wconf 92' lang='lat' dir='ltr'>ubi</span> <span class='ocrx_word' id='word_1_79' title='bbox 801 2190 905 2253; x_wconf 87' lang='lat' dir='ltr'>Dauid</span> <span class='ocrx_word' id='word_1_80' title='bbox 927 2190 1015 2254; x_wconf 81' lang='lat' dir='ltr'>sedit.</span> <span class='ocrx_word' id='word_1_81' title='bbox 1044 2201 1069 2254; x_wconf 77' lang='lat' dir='ltr'>et</span> <span class='ocrx_word' id='word_1_82' title='bbox 1090 2195 1123 2255; x_wconf 84' lang='lat' dir='ltr'>de</span> <span class='ocrx_word' id='word_1_83' title='bbox 1144 2196 1197 2254; x_wconf 82' lang='lat' dir='ltr'>boe</span> <span class='ocrx_word' id='word_1_84' title='bbox 1216 2197 1251 2254; x_wconf 79' lang='lat' dir='ltr'>a&#39;a</span> <span class='ocrx_word' id='word_1_85' title='bbox 1272 2195 1354 2254; x_wconf 70' lang='lat' dir='ltr'>libris</span> <span class='ocrx_word' id='word_1_86' title='bbox 1375 2194 1496 2254; x_wconf 75' lang='lat' dir='ltr'>Hebrai-</span> 
     </span>
     <span class='ocr_line' id='line_1_14' title="bbox 183 2294 686 2370; baseline 0.004 -18"><span class='ocrx_word' id='word_1_87' title='bbox 183 2312 291 2352; x_wconf 82' lang='lat' dir='ltr'>earum</span> <span class='ocrx_word' id='word_1_88' title='bbox 313 2296 521 2370; x_wconf 76' lang='lat' dir='ltr'>quaestionum</span> <span class='ocrx_word' id='word_1_89' title='bbox 543 2294 686 2354; x_wconf 74' lang='lat' dir='ltr'>diximus.</span> 
     </span>
    </p>

    <p class='ocr_par' dir='ltr' id='par_1_8' title="bbox 269 2386 1496 2472">
     <span class='ocr_line' id='line_1_15' title="bbox 269 2386 1496 2472; baseline -0.001 -20"><span class='ocrx_word' id='word_1_90' title='bbox 269 2386 411 2453; x_wconf 88' lang='lat' dir='ltr'>Naohon.</span> <span class='ocrx_word' id='word_1_91' title='bbox 455 2411 526 2452; x_wconf 88' lang='lat' dir='ltr'>area</span> <span class='ocrx_word' id='word_1_92' title='bbox 558 2387 699 2468; x_wconf 87' lang='lat' dir='ltr'>Naeh0n‚</span> <span class='ocrx_word' id='word_1_93' title='bbox 730 2411 787 2472; x_wconf 92' lang='lat' dir='ltr'>pro</span> <span class='ocrx_word' id='word_1_94' title='bbox 818 2412 881 2472; x_wconf 91' lang='lat' dir='ltr'>quo</span> <span class='ocrx_word' id='word_1_95' title='bbox 903 2388 1023 2472; x_wconf 86' lang='lat' dir='ltr'>Aquila</span> <span class='ocrx_word' id='word_1_96' title='bbox 1052 2390 1275 2472; x_wconf 71' lang='lat' dir='ltr'>interpretatur</span> <span class='ocrx_word' id='word_1_97' title='bbox 1307 2411 1379 2452; x_wconf 88' lang='lat' dir='ltr'>area</span> <span class='ocrx_word' id='word_1_98' title='bbox 1408 2411 1496 2471; x_wconf 88' lang='lat' dir='ltr'>prae·</span> 
     </span>
    </p>

    <p class='ocr_par' dir='ltr' id='par_1_9' title="bbox 134 2492 301 2569">
     <span class='ocr_line' id='line_1_16' title="bbox 134 2492 301 2569; baseline 0 -17"><span class='ocrx_word' id='word_1_99' title='bbox 134 2500 166 2553; x_wconf 83' lang='lat'>15</span> <span class='ocrx_word' id='word_1_100' title='bbox 183 2492 301 2569; x_wconf 71' lang='lat' dir='ltr'>parata</span> 
     </span>
    </p>

    <p class='ocr_par' dir='ltr' id='par_1_10' title="bbox 268 2585 1047 2671">
     <span class='ocr_line' id='line_1_17' title="bbox 268 2585 1047 2671; baseline 0 -20"><span class='ocrx_word' id='word_1_101' title='bbox 268 2585 388 2651; x_wconf 83' lang='lat' dir='ltr'>Nefalh</span> <span class='ocrx_word' id='word_1_102' title='bbox 411 2588 524 2653; x_wconf 80' lang='lat' dir='ltr'>oiuibas</span> <span class='ocrx_word' id='word_1_103' title='bbox 546 2588 638 2652; x_wconf 92' lang='lat' dir='ltr'>nnins</span> <span class='ocrx_word' id='word_1_104' title='bbox 660 2588 838 2671; x_wconf 81' lang='lat' dir='ltr'>principum</span> <span class='ocrx_word' id='word_1_105' title='bbox 862 2587 1047 2653; x_wconf 85' lang='lat' dir='ltr'>Salomonis.</span> 
     </span>
    </p>

    <p class='ocr_par' dir='ltr' id='par_1_11' title="bbox 182 2685 1495 2870">
     <span class='ocr_line' id='line_1_18' title="bbox 267 2685 1495 2771; baseline -0.002 -20"><span class='ocrx_word' id='word_1_106' title='bbox 267 2686 408 2770; x_wconf 88' lang='lat' dir='ltr'>Nerigel.</span> <span class='ocrx_word' id='word_1_107' title='bbox 452 2693 483 2752; x_wconf 77' lang='lat' dir='ltr'>ei</span> <span class='ocrx_word' id='word_1_108' title='bbox 504 2690 585 2753; x_wconf 88' lang='lat' dir='ltr'>hano</span> <span class='ocrx_word' id='word_1_109' title='bbox 607 2693 828 2752; x_wconf 73' lang='lat' dir='ltr'>exstruxerunt</span> <span class='ocrx_word' id='word_1_110' title='bbox 847 2689 880 2751; x_wconf 92' lang='lat' dir='ltr'>in</span> <span class='ocrx_word' id='word_1_111' title='bbox 902 2689 1029 2771; x_wconf 87' lang='lat' dir='ltr'>regione</span> <span class='ocrx_word' id='word_1_112' title='bbox 1051 2686 1184 2752; x_wconf 83' lang='lat' dir='ltr'>Iudaeae</span> <span class='ocrx_word' id='word_1_113' title='bbox 1206 2685 1407 2764; x_wconf 75' lang='lat' dir='ltr'>Samaritani,</span> <span class='ocrx_word' id='word_1_114' title='bbox 1440 2687 1495 2769; x_wconf 91' lang='lat' dir='ltr'>qui</span> 
     </span>
     <span class='ocr_line' id='line_1_19' title="bbox 182 2786 682 2870; baseline 0.004 -21"><span class='ocrx_word' id='word_1_115' title='bbox 182 2789 221 2851; x_wconf 91' lang='lat' dir='ltr'>de</span> <span class='ocrx_word' id='word_1_116' title='bbox 244 2786 423 2868; x_wconf 89' lang='lat' dir='ltr'>Babylonia</span> <span class='ocrx_word' id='word_1_117' title='bbox 445 2792 519 2852; x_wconf 78' lang='lat' dir='ltr'>sunt</span> <span class='ocrx_word' id='word_1_118' title='bbox 540 2788 682 2870; x_wconf 78' lang='lat' dir='ltr'>profecti.</span> 
     </span>
    </p>

    <p class='ocr_par' dir='ltr' id='par_1_12' title="bbox 264 2884 1151 2969">
     <span class='ocr_line' id='line_1_20' title="bbox 264 2884 1151 2969; baseline 0.001 -20"><span class='ocrx_word' id='word_1_119' title='bbox 264 2884 374 2950; x_wconf 86' lang='lat' dir='ltr'>Nezab</span> <span class='ocrx_word' id='word_1_120' title='bbox 398 2907 492 2969; x_wconf 91' lang='lat' dir='ltr'>quam</span> <span class='ocrx_word' id='word_1_121' title='bbox 515 2888 723 2951; x_wconf 77' lang='lat' dir='ltr'>condiderunt</span> <span class='ocrx_word' id='word_1_122' title='bbox 743 2885 842 2949; x_wconf 85' lang='lat' dir='ltr'>Euaei</span> <span class='ocrx_word' id='word_1_123' title='bbox 864 2887 898 2950; x_wconf 93' lang='lat' dir='ltr'>in</span> <span class='ocrx_word' id='word_1_124' title='bbox 921 2891 1005 2951; x_wconf 80' lang='lat' dir='ltr'>berra</span> <span class='ocrx_word' id='word_1_125' title='bbox 1026 2886 1151 2950; x_wconf 87' lang='lat' dir='ltr'>Iudaea.</span> 
     </span>
    </p>

    <p class='ocr_par' dir='ltr' id='par_1_13' title="bbox 130 2983 803 3067">
     <span class='ocr_line' id='line_1_21' title="bbox 130 2983 803 3067; baseline -0.009 -17"><span class='ocrx_word' id='word_1_126' title='bbox 130 2998 163 3052; x_wconf 71' lang='lat'>20</span> <span class='ocrx_word' id='word_1_127' title='bbox 267 2983 427 3050; x_wconf 89' lang='lat' dir='ltr'>Nesareeh</span> <span class='ocrx_word' id='word_1_128' title='bbox 449 2984 570 3050; x_wconf 90' lang='lat' dir='ltr'>idolum</span> <span class='ocrx_word' id='word_1_129' title='bbox 591 2987 803 3067; x_wconf 88' lang='lat' dir='ltr'>Assyriorum.</span> 
     </span>
    </p>

    <p class='ocr_par' dir='ltr' id='par_1_14' title="bbox 180 3082 1494 3347">
     <span class='ocr_line' id='line_1_22' title="bbox 266 3082 1494 3162; baseline 0 -14"><span class='ocrx_word' id='word_1_130' title='bbox 266 3082 437 3162; x_wconf 70' lang='lat' dir='ltr'>Nemeam,</span> <span class='ocrx_word' id='word_1_131' title='bbox 460 3087 549 3150; x_wconf 89' lang='lat' dir='ltr'>ouius</span> <span class='ocrx_word' id='word_1_132' title='bbox 571 3085 716 3149; x_wconf 77' lang='lat' dir='ltr'>meminit</span> <span class='ocrx_word' id='word_1_133' title='bbox 730 3084 841 3149; x_wconf 84' lang='lat' dir='ltr'>Esaias</span> <span class='ocrx_word' id='word_1_134' title='bbox 863 3085 895 3147; x_wconf 91' lang='lat' dir='ltr'>in</span> <span class='ocrx_word' id='word_1_135' title='bbox 918 3085 1040 3150; x_wconf 87' lang='lat' dir='ltr'>uisione</span> <span class='ocrx_word' id='word_1_136' title='bbox 1057 3090 1165 3149; x_wconf 74' lang='lat' dir='ltr'>eontra</span> <span class='ocrx_word' id='word_1_137' title='bbox 1181 3085 1276 3150; x_wconf 85' lang='lat' dir='ltr'>Moab</span> <span class='ocrx_word' id='word_1_138' title='bbox 1292 3088 1324 3148; x_wconf 75' lang='lat' dir='ltr'>eb</span> <span class='ocrx_word' id='word_1_139' title='bbox 1338 3082 1494 3148; x_wconf 86' lang='lat' dir='ltr'>Ieremias.</span> 
     </span>
     <span class='ocr_line' id='line_1_23' title="bbox 180 3183 1494 3266; baseline 0 -19"><span class='ocrx_word' id='word_1_140' title='bbox 180 3205 266 3247; x_wconf 90' lang='lat' dir='ltr'>nune</span> <span class='ocrx_word' id='word_1_141' title='bbox 293 3189 397 3248; x_wconf 73' lang='lat' dir='ltr'>arabem</span> <span class='ocrx_word' id='word_1_142' title='bbox 425 3191 472 3249; x_wconf 79' lang='lat' dir='ltr'>est</span> <span class='ocrx_word' id='word_1_143' title='bbox 493 3186 583 3249; x_wconf 82' lang='lat' dir='ltr'>nisus</span> <span class='ocrx_word' id='word_1_144' title='bbox 605 3184 730 3248; x_wconf 89' lang='lat' dir='ltr'>nomine</span> <span class='ocrx_word' id='word_1_145' title='bbox 753 3185 974 3248; x_wconf 89' lang='lat' dir='ltr'>Bennamarim</span> <span class='ocrx_word' id='word_1_146' title='bbox 997 3187 1036 3247; x_wconf 90' lang='lat' dir='ltr'>ad</span> <span class='ocrx_word' id='word_1_147' title='bbox 1057 3184 1346 3266; x_wconf 79' lang='lat' dir='ltr'>sepiembrionalem</span> <span class='ocrx_word' id='word_1_148' title='bbox 1367 3183 1494 3266; x_wconf 80' lang='lat' dir='ltr'>plagam</span> 
     </span>
     <span class='ocr_line' id='line_1_24' title="bbox 180 3279 1251 3347; baseline 0 -1"><span class='ocrx_word' id='word_1_149' title='bbox 180 3281 306 3347; x_wconf 88' lang='lat' dir='ltr'>Zoarae.</span> <span class='ocrx_word' id='word_1_150' title='bbox 1248 3279 1251 3286; x_wconf 70' lang='grc'><em>’</em></span> 
     </span>
    </p>

    <p class='ocr_par' dir='ltr' id='par_1_15' title="bbox 266 3381 938 3468">
     <span class='ocr_line' id='line_1_25' title="bbox 266 3381 938 3468; baseline 0.003 -22"><span class='ocrx_word' id='word_1_151' title='bbox 266 3381 412 3447; x_wconf 80' lang='lat' dir='ltr'>Nebeobh</span> <span class='ocrx_word' id='word_1_152' title='bbox 435 3385 522 3467; x_wconf 85' lang='lat' dir='ltr'>regio</span> <span class='ocrx_word' id='word_1_153' title='bbox 545 3387 582 3447; x_wconf 88' lang='lat' dir='ltr'>de</span> <span class='ocrx_word' id='word_1_154' title='bbox 605 3407 668 3468; x_wconf 91' lang='lat' dir='ltr'>qua</span> <span class='ocrx_word' id='word_1_155' title='bbox 689 3384 798 3448; x_wconf 80' lang='lat' dir='ltr'>soribib</span> <span class='ocrx_word' id='word_1_156' title='bbox 820 3383 938 3448; x_wconf 78' lang='lat' dir='ltr'>Esaiae.</span> 
     </span>
    </p>
   </div>
   <div class='ocr_carea' id='block_1_8' title="bbox 134 3601 970 3685">
    <p class='ocr_par' dir='ltr' id='par_1_16' title="bbox 134 3601 970 3685">
     <span class='ocr_line' id='line_1_26' title="bbox 134 3601 970 3685; baseline -0.001 -20"><span class='ocrx_word' id='word_1_157' title='bbox 134 3623 166 3676; x_wconf 68' lang='lat'>25</span> <span class='ocrx_word' id='word_1_158' title='bbox 709 3601 756 3665; x_wconf 90' lang='lat' dir='ltr'>De</span> <span class='ocrx_word' id='word_1_159' title='bbox 778 3601 970 3685; x_wconf 84' lang='lat' dir='ltr'>Euangeliis.</span> 
     </span>
    </p>
   </div>
   <div class='ocr_carea' id='block_1_9' title="bbox 183 3749 1493 3935">
    <p class='ocr_par' dir='ltr' id='par_1_17' title="bbox 183 3749 1493 3935">
     <span class='ocr_line' id='line_1_27' title="bbox 267 3749 1493 3836; baseline 0.002 -21"><span class='ocrx_word' id='word_1_160' title='bbox 267 3751 433 3828; x_wconf 81' lang='lat' dir='ltr'>Nazareth.</span> <span class='ocrx_word' id='word_1_161' title='bbox 455 3755 538 3815; x_wconf 89' lang='lat' dir='ltr'>unde</span> <span class='ocrx_word' id='word_1_162' title='bbox 562 3757 593 3816; x_wconf 77' lang='lat' dir='ltr'>eb</span> <span class='ocrx_word' id='word_1_163' title='bbox 614 3752 759 3818; x_wconf 91' lang='lat' dir='ltr'>dominus</span> <span class='ocrx_word' id='word_1_164' title='bbox 781 3757 888 3817; x_wconf 71' lang='lat' dir='ltr'>noster</span> <span class='ocrx_word' id='word_1_165' title='bbox 903 3757 997 3836; x_wconf 75' lang='lat' dir='ltr'>abque</span> <span class='ocrx_word' id='word_1_166' title='bbox 1012 3752 1152 3818; x_wconf 77' lang='lat' dir='ltr'>saluatur</span> <span class='ocrx_word' id='word_1_167' title='bbox 1166 3749 1346 3818; x_wconf 82' lang='lat' dir='ltr'>Nazaraeos</span> <span class='ocrx_word' id='word_1_168' title='bbox 1361 3757 1493 3818; x_wconf 78' lang='lat' dir='ltr'>uocatus</span> 
     </span>
     <span class='ocr_line' id='line_1_28' title="bbox 183 3850 1493 3935; baseline 0.001 -20"><span class='ocrx_word' id='word_1_169' title='bbox 183 3856 237 3916; x_wconf 80' lang='lat' dir='ltr'>esi.</span> <span class='ocrx_word' id='word_1_170' title='bbox 281 3855 336 3916; x_wconf 90' lang='lat' dir='ltr'>sed</span> <span class='ocrx_word' id='word_1_171' title='bbox 363 3856 472 3917; x_wconf 77' lang='lat' dir='ltr'>einos</span> <span class='ocrx_word' id='word_1_172' title='bbox 495 3855 578 3934; x_wconf 87' lang='lat' dir='ltr'>apud</span> <span class='ocrx_word' id='word_1_173' title='bbox 600 3857 721 3916; x_wconf 77' lang='lat' dir='ltr'>ueteres</span> <span class='ocrx_word' id='word_1_174' title='bbox 745 3853 835 3935; x_wconf 87' lang='lat' dir='ltr'>quasi</span> <span class='ocrx_word' id='word_1_175' title='bbox 856 3873 913 3934; x_wconf 90' lang='lat' dir='ltr'>pro</span> <span class='ocrx_word' id='word_1_176' title='bbox 936 3852 1105 3934; x_wconf 92' lang='lat' dir='ltr'>opprobrio</span> <span class='ocrx_word' id='word_1_177' title='bbox 1128 3850 1281 3916; x_wconf 82' lang='lat' dir='ltr'>Nazaraei</span> <span class='ocrx_word' id='word_1_178' title='bbox 1304 3853 1493 3934; x_wconf 81' lang='lat' dir='ltr'>dicebamur,</span> 
     </span>
    </p>
   </div>
   <div class='ocr_carea' id='block_1_10' title="bbox 182 4166 1493 4441">
    <p class='ocr_par' dir='ltr' id='par_1_18' title="bbox 182 4166 1493 4441">
     <span class='ocr_line' id='line_1_29' title="bbox 269 4166 1493 4239; baseline -0.005 -14"><span class='ocrx_word' id='word_1_179' title='bbox 269 4169 329 4225; x_wconf 69' lang='lat' dir='ltr'>ln.</span> <span class='ocrx_word' id='word_1_180' title='bbox 349 4169 404 4239; x_wconf 85' lang='lat' dir='ltr'>vgl.</span> <span class='ocrx_word' id='word_1_181' title='bbox 417 4169 491 4223; x_wconf 90' lang='lat' dir='ltr'>Hier.</span> <span class='ocrx_word' id='word_1_182' title='bbox 505 4186 545 4238; x_wconf 90' lang='lat' dir='ltr'>ep.</span> <span class='ocrx_word' id='word_1_183' title='bbox 560 4169 617 4236; x_wconf 81' lang='lat'>108,</span> <span class='ocrx_word' id='word_1_184' title='bbox 635 4171 663 4224; x_wconf 89' lang='lat'>8:</span> <span class='ocrx_word' id='word_1_185' title='bbox 691 4168 769 4223; x_wconf 86' lang='lat' dir='ltr'>Nobe</span> <span class='ocrx_word' id='word_1_186' title='bbox 786 4170 881 4223; x_wconf 90' lang='lat' dir='ltr'>urbem</span> <span class='ocrx_word' id='word_1_187' title='bbox 902 4167 1041 4237; x_wconf 86' lang='lat' dir='ltr'>quondam</span> <span class='ocrx_word' id='word_1_188' title='bbox 1059 4167 1239 4235; x_wconf 78' lang='lat' dir='ltr'>sacerdotum,</span> <span class='ocrx_word' id='word_1_189' title='bbox 1262 4184 1336 4221; x_wconf 89' lang='lat' dir='ltr'>nuno</span> <span class='ocrx_word' id='word_1_190' title='bbox 1356 4166 1493 4221; x_wconf 77' lang='lat' dir='ltr'>tumulum</span> 
     </span>
     <span class='ocr_line' id='line_1_30' title="bbox 183 4267 1493 4340; baseline -0.003 -14"><span class='ocrx_word' id='word_1_191' title='bbox 183 4269 332 4326; x_wconf 84' lang='lat' dir='ltr'>occisorum</span> <span class='ocrx_word' id='word_1_192' title='bbox 403 4271 440 4326; x_wconf 78' lang='lat'>21</span> <span class='ocrx_word' id='word_1_193' title='bbox 452 4271 486 4326; x_wconf 78' lang='lat' dir='ltr'>n.</span> <span class='ocrx_word' id='word_1_194' title='bbox 505 4270 561 4340; x_wconf 83' lang='lat' dir='ltr'>vgl.</span> <span class='ocrx_word' id='word_1_195' title='bbox 580 4269 653 4325; x_wconf 87' lang='lat' dir='ltr'>Hier.</span> <span class='ocrx_word' id='word_1_196' title='bbox 672 4287 769 4324; x_wconf 85' lang='lat' dir='ltr'>comm.</span> <span class='ocrx_word' id='word_1_197' title='bbox 787 4270 815 4324; x_wconf 89' lang='lat' dir='ltr'>in</span> <span class='ocrx_word' id='word_1_198' title='bbox 829 4270 875 4324; x_wconf 85' lang='lat' dir='ltr'>Jes</span> <span class='ocrx_word' id='word_1_199' title='bbox 890 4272 929 4333; x_wconf 78' lang='lat'>15,</span> <span class='ocrx_word' id='word_1_200' title='bbox 948 4271 975 4324; x_wconf 84' lang='lat'>6:</span> <span class='ocrx_word' id='word_1_201' title='bbox 994 4268 1115 4324; x_wconf 82' lang='lat' dir='ltr'>Nemr&#39;rm</span> <span class='ocrx_word' id='word_1_202' title='bbox 1135 4268 1253 4325; x_wconf 89' lang='lat' dir='ltr'>...hoe</span> <span class='ocrx_word' id='word_1_203' title='bbox 1265 4267 1393 4338; x_wconf 88' lang='lat' dir='ltr'>oppidum</span> <span class='ocrx_word' id='word_1_204' title='bbox 1412 4285 1493 4338; x_wconf 86' lang='lat' dir='ltr'>snper</span> 
     </span>
     <span class='ocr_line' id='line_1_31' title="bbox 182 4369 1109 4441; baseline -0.004 -15"><span class='ocrx_word' id='word_1_205' title='bbox 182 4389 258 4426; x_wconf 88' lang='lat' dir='ltr'>mare</span> <span class='ocrx_word' id='word_1_206' title='bbox 275 4375 414 4427; x_wconf 80' lang='lat' dir='ltr'>morinum</span> <span class='ocrx_word' id='word_1_207' title='bbox 432 4374 481 4435; x_wconf 75' lang='lat' dir='ltr'>est,</span> <span class='ocrx_word' id='word_1_208' title='bbox 500 4371 579 4425; x_wconf 86' lang='lat' dir='ltr'>salsis</span> <span class='ocrx_word' id='word_1_209' title='bbox 598 4371 676 4441; x_wconf 87' lang='lat' dir='ltr'>aquis</span> <span class='ocrx_word' id='word_1_210' title='bbox 694 4373 722 4440; x_wconf 76' lang='lat' dir='ltr'>eb</span> <span class='ocrx_word' id='word_1_211' title='bbox 741 4371 776 4426; x_wconf 92' lang='lat' dir='ltr'>ob</span> <span class='ocrx_word' id='word_1_212' title='bbox 793 4373 847 4426; x_wconf 86' lang='lat' dir='ltr'>hoo</span> <span class='ocrx_word' id='word_1_213' title='bbox 864 4371 953 4440; x_wconf 86' lang='lat' dir='ltr'>ipsum</span> <span class='ocrx_word' id='word_1_214' title='bbox 972 4369 1109 4425; x_wconf 83' lang='lat' dir='ltr'>sterilibus</span> 
     </span>
    </p>
   </div>
   <div class='ocr_carea' id='block_1_11' title="bbox 182 4553 1493 4717">
    <p class='ocr_par' dir='ltr' id='par_1_19' title="bbox 182 4553 1493 4717">
     <span class='ocr_line' id='line_1_32' title="bbox 267 4553 1493 4624; baseline -0.005 -12"><span class='ocrx_word' id='word_1_215' title='bbox 267 4559 307 4612; x_wconf 75' lang='grc'>20</span> <span class='ocrx_word' id='word_1_216' title='bbox 325 4556 458 4611; x_wconf 78' lang='lat' dir='ltr'>Neearebh</span> <span class='ocrx_word' id='word_1_217' title='bbox 475 4555 644 4624; x_wconf 76' lang='lat' dir='ltr'>AB(?)(0)H</span> <span class='ocrx_word' id='word_1_218' title='bbox 716 4559 754 4612; x_wconf 73' lang='lat'>22</span> <span class='ocrx_word' id='word_1_219' title='bbox 774 4556 967 4610; x_wconf 85' lang='lat' dir='ltr'>Bennamen‘m</span> <span class='ocrx_word' id='word_1_220' title='bbox 985 4555 1063 4622; x_wconf 73' lang='lat' dir='ltr'>affl)</span> <span class='ocrx_word' id='word_1_221' title='bbox 1135 4553 1171 4609; x_wconf 75' lang='lat'>25</span> <span class='ocrx_word' id='word_1_222' title='bbox 1192 4564 1223 4611; x_wconf 96' lang='lat'>&lt;</span> <span class='ocrx_word' id='word_1_223' title='bbox 1241 4553 1295 4607; x_wconf 81' lang='lat' dir='ltr'>AO</span> <span class='ocrx_word' id='word_1_224' title='bbox 1354 4554 1393 4608; x_wconf 71' lang='lat' dir='ltr'>ee</span> <span class='ocrx_word' id='word_1_225' title='bbox 1410 4555 1493 4622; x_wconf 82' lang='lat' dir='ltr'>alque</span> 
     </span>
     <span class='ocr_line' id='line_1_33' title="bbox 182 4657 576 4717; baseline -0.008 0"><span class='ocrx_word' id='word_1_226' title='bbox 182 4668 214 4717; x_wconf 93' lang='lat'>&lt;</span> <span class='ocrx_word' id='word_1_227' title='bbox 232 4659 316 4714; x_wconf 73' lang='grc' dir='ltr'>ΑΘΗ</span> <span class='ocrx_word' id='word_1_228' title='bbox 363 4661 399 4716; x_wconf 74' lang='grc'>27</span> <span class='ocrx_word' id='word_1_229' title='bbox 421 4657 576 4714; x_wconf 85' lang='lat' dir='ltr'>NazoreiO</span> 
     </span>
    </p>
   </div>
   <div class='ocr_carea' id='block_1_12' title="bbox 0 0 1880 5540">
    <p class='ocr_par' dir='ltr' id='par_1_20' title="bbox 0 0 1880 5540">
     <span class='ocr_line' id='line_1_34' title="bbox 0 0 1880 5540; baseline 0 1"><span class='ocrx_word' id='word_1_230' title='bbox 0 0 1880 5540; x_wconf 95' lang='lat' dir='ltr'> </span> 
     </span>
    </p>
   </div>
  </div>
 </body>
</html>
