3780 5536
803 463 993 534 Hieronymus.
1514 468 1553 530 79

149 639 234 694 ΑΘΗ
329 631 465 715 Dysmae
487 631 591 712 Moab,
620 639 653 698 id
681 643 723 697 est
752 637 987 698 adamantem
1008 637 1107 710 Moab,
1137 633 1225 696 iuxta
1246 631 1413 696 Iordanem
1444 634 1554 694 eontra

245 731 409 813 Ieriohum,
431 731 486 797 ubi
500 732 598 797 Baiae
619 754 673 797 rex
693 731 786 800 Moab
809 736 840 797 et
861 731 995 796 maiores
1016 736 1093 796 natu
1108 731 1247 796 Mediam
1261 729 1410 796 Israelem
1430 729 1553 794 insidiis

244 836 444 917 deeeperunt‚
466 832 500 896 in
522 853 585 916 quo
607 833 678 898 loeo
701 835 732 896 et
753 831 880 914 Moyses
903 831 1013 897 scribit
1033 830 1325 896 Deuteronomium.

771 1080 820 1146 De
841 1080 923 1148 libro
945 1081 1025 1148 lesu.

208 1239 224 1290 ῦ
325 1231 446 1298 Dabira
476 1233 587 1297 ciuitas
617 1232 651 1297 in
680 1231 766 1297 tribu
797 1231 883 1310 Dan,
913 1232 1002 1299 euius
1032 1252 1138 1317 regem
1168 1232 1327 1297 interfecit
1356 1231 1453 1298 Iesus.
1504 1235 1552 1296 est

241 1335 347 1396 autem
379 1336 410 1397 et
441 1331 502 1396 alia
523 1331 636 1396 uillula
657 1331 845 1397 Iudaeorum
867 1332 898 1396 in
921 1336 1028 1397 monte
1050 1330 1178 1396 Thabor
1199 1333 1337 1416 regionis
1358 1334 1399 1396 ad
1419 1332 1552 1398 Diocae-

241 1453 363 1496 saream
384 1431 577 1514 pertinentis.

323 1531 392 1597 Dor
412 1528 544 1610 Nafeth,
575 1534 661 1615 quod
683 1529 890 1613 Symmachus
920 1529 1083 1595 transtulit
1104 1533 1169 1594 Dor
1199 1529 1363 1594 maritima.
1405 1532 1483 1595 haee
1505 1535 1552 1596 est

241 1629 328 1695 Dora
348 1629 382 1694 in
403 1650 487 1696 nono
509 1630 645 1696 miliario
669 1629 838 1696 Caesareae
859 1627 1058 1695 Palaestinae
1079 1629 1283 1713 pergentibus
1305 1627 1438 1712 Tyrum,
1469 1653 1552 1696 nune

192 1731 225 1786 10
243 1732 373 1794 deserta
416 1751 496 1813 quae
523 1751 594 1794 oum
617 1730 781 1795 occidisset
800 1730 834 1794 in
856 1733 973 1794 sortem
994 1728 1095 1793 tribus
1117 1727 1271 1807 Manasse,
1301 1751 1370 1792 eam
1391 1730 1551 1812 possidere

241 1849 306 1893 non
325 1830 438 1912 potuit,
461 1829 536 1912 quia
555 1830 748 1896 habitatores
770 1831 804 1894 in
825 1828 880 1893 illa
901 1828 1028 1911 pristini
1047 1850 1254 1911 permansere.

323 1927 424 1993 Dabir
439 1929 472 1994 in
486 1929 571 1994 tribu
585 1928 690 2009 Iudae,
705 1951 785 2014 quae
799 1930 972 1995 uocabatur
987 1928 1099 1993 ciuitas
1113 1927 1297 1993 litterarum.
1327 1929 1408 1995 hano
1422 1951 1551 2012 praeoe-

241 2027 370 2110 oupauit
391 2027 561 2094 Gothoniel
591 2029 687 2093 irater
708 2028 834 2108 Ohaleb,
864 2027 1037 2093 interfectis
1068 2027 1100 2091 in
1127 2049 1163 2091 ea
1181 2026 1321 2093 Enaeim.
1364 2028 1425 2093 luit
1445 2033 1550 2094 autem

243 2129 274 2191 et
295 2127 364 2210 ipsa
385 2127 600 2194 sacerdotibus
622 2131 772 2211 separata
799 2149 893 2212 porro
917 2126 1085 2193 Gothoniel
1101 2128 1228 2210 quidam
1243 2128 1436 2192 arbitrantur
1449 2127 1550 2192 filium

192 2237 225 2290 15
244 2226 351 2292 fratris
373 2225 500 2293 Chaleb.

324 2325 425 2392 Dabir
446 2349 540 2411 super
560 2325 726 2392 Iordanem
748 2326 859 2392 ciuitas
883 2327 1137 2393 Amorraeorum.

323 2425 461 2491 Dimona
480 2429 514 2492 in
536 2427 620 2492 tribu
641 2425 745 2492 Iudae.

323 2525 436 2590 Dedan
457 2528 491 2591 in
513 2527 598 2591 tribu
620 2525 725 2592 Iudae.

322 2624 331 2708 ll
353 2624 465 2689 Denna
493 2625 527 2689 in
556 2626 642 2690 trihu
663 2626 768 2692 Iudae.
812 2627 920 2691 eadem
943 2628 1127 2704 astantem,
1159 2646 1240 2709 quae
1266 2629 1297 2690 et
1317 2624 1418 2690 Dabir
1439 2625 1550 2692 oiuitas
1568 2627 1618 2682 116

189 2728 223 2782 20
240 2723 425 2790 litterarum.

324 2823 428 2888 Dauia
449 2823 517 2888 siue
538 2823 643 2888 Dauid
664 2825 698 2889 in
718 2825 803 2890 tribu
824 2824 928 2889 Iudae.

324 2921 429 2987 Dama
449 2922 483 2986 in
504 2923 588 2987 tribu
602 2921 698 2988 Iudae
712 2925 803 2989 uicus
825 2924 953 3008 grandis
974 2922 1008 2987 in
1021 2922 1167 3004 Daroma,
1188 2926 1250 2989 hoe
1265 2926 1365 2990 estad
1380 2923 1549 2990 australem

171 3032 226 3086 AO
240 3022 377 3106 plagam,
406 3021 439 3086 in
461 3021 577 3087 finibus
599 3021 892 3108 Eleutheropoleos,
919 3021 924 3106 Ι
949 3025 1056 3087 deoem
1087 3027 1118 3087 et
1147 3027 1268 3106 septem
1290 3023 1329 3088 ab
1363 3046 1400 3089 ea
1420 3023 1548 3089 milibus

240 3122 368 3188 dubus.

188 3237 220 3291 25
322 3220 446 3286 Damna
467 3221 501 3285 in
522 3221 608 3286 tribu
629 3220 779 3301 Zabulon,
799 3220 918 3286 Leuitis
940 3219 1051 3287 ciuitas
1073 3227 1224 3306 separata

321 3320 464 3386 Dasbsth
483 3322 517 3386 in
538 3319 623 3386 tribu
644 3318 794 3386 Zabulon.

318 3420 460 3485 Dabrath
482 3420 516 3484 in
537 3420 623 3485 trihu
644 3419 796 3500 lssaohar,
819 3424 895 3487 urbs
918 3425 1062 3505 separata
1083 3420 1211 3488 Leuitis.

322 4148 404 4205 2212.
422 4149 477 4219 vgl.
496 4148 569 4204 Hier.
588 4165 685 4204 comm.
704 4147 733 4201 in
751 4146 797 4204 Jes
814 4151 855 4216 21,
874 4148 943 4204 14f.:
971 4152 1012 4204 est
1038 4153 1131 4204 antem
1148 4148 1239 4204 Dama
1261 4165 1317 4204 non
1334 4149 1395 4204 tota
1413 4148 1546 4204 Idumaea

236 4249 385 4320 prouincia,
400 4250 448 4304 sed
465 4249 601 4319 quaedam
620 4249 677 4304 eius
697 4249 782 4319 regio,
800 4267 871 4318 qnae
889 4249 925 4305 ad
942 4255 1066 4307 anstrum
1082 4249 1173 4321 uergit
1190 4253 1218 4306 et
1235 4251 1270 4306 ab
1288 4250 1355 4306 urbe
1371 4248 1545 4305 Palaestinae

236 4367 308 4418 quae
325 4351 407 4407 hodie
424 4351 526 4407 dieitur
543 4350 765 4421 Eleutheropolis
783 4350 883 4422 uiginti
902 4350 988 4407 dabat
1004 4351 1115 4408 milibus

319 4519 458 4576 hlialaae
475 4519 556 4576 ΑΘΗ
641 4519 858 4592 lpertinensA
937 4521 975 4578 18
995 4521 1012 4576 ἱ.
1031 4520 1122 4576 Dalan
1205 4522 1243 4578 21
1262 4521 1371 4576 Dahuia
1387 4521 1488 4591 (11)οΗ
1539 4523 1543 4591 l

233 4620 343 4677 Dauhid
360 4621 435 4691 Alo)
505 4623 544 4680 28
563 4624 811 4694 ελευθεροπολεως
828 4623 883 4678 ΑΟ
949 4623 988 4680 26
1005 4622 1021 4678 l.
1040 4621 1179 4677 Dabasthe
