3750 5540
795 464 983 534 Hieronymus,
1492 472 1550 532 167

143 639 228 694 AOH
324 630 522 696 Trachonitis
545 633 631 714 regio
654 633 721 696 siue
742 631 875 710 storace,
905 631 994 696 cuius
1015 634 1188 696 tetrarches
1211 633 1272 698 fuit
1293 632 1441 716 Filippus
1463 633 1551 697 iuxta

239 731 451 815 Euangelium
465 729 576 796 Lucae.
612 731 748 796 diximus
770 734 808 796 de
830 735 889 796 hac
911 736 943 795 et
963 754 1065 815 supra.
1107 736 1154 795 est
1175 736 1280 798 autem
1302 736 1389 798 trans
1404 733 1549 798 Bostram

240 831 375 896 Arabiae
398 831 560 896 ciuitatem
581 830 614 893 in
636 833 760 896 deserto
784 835 892 896 contra
918 831 1087 896 australem
1108 832 1236 915 plagam
1259 833 1350 915 quasi
1371 836 1410 896 ad
1434 833 1549 896 Dama-

237 952 324 995 scum
347 931 525 1014 respiciens

203 1045 219 1098 5
319 1035 481 1113 ffltcaaqaa
504 1055 560 1113 per
585 1035 785 1112 Taimpliecm
811 1035 937 1094 litteram
967 1034 1138 1110 leparimas,
1167 1054 1274 1094 aeram
1305 1039 1451 1112 quonlam
1472 1055 1547 1113 qaae

236 1139 404 1210 sequantur
424 1135 507 1210 apud
520 1135 666 1194 Hebraeos
686 1154 749 1194 noa
770 1153 804 1194 aa
822 1134 896 1208 Teth,
917 1134 968 1192 aed
987 1151 1022 1192 aa
1047 1134 1131 1193 Thau
1151 1136 1184 1194 id
1205 1141 1247 1194 est
1267 1154 1302 1194 aa
1325 1135 1350 1193 Τ
1347 1135 1411 1194 heta
1437 1136 1546 1196 Groew

236 1233 417 1307 amabantur,
435 1252 504 1292 arnt
525 1234 707 1310 aspiratione
729 1235 816 1310 tepere
838 1233 981 1292 debemus.

167 1555 222 1611 AO
804 1545 852 1611 De
875 1545 995 1612 Genesi.
1571 1569 1620 1622 122

320 1694 425 1768 Fison.
448 1699 533 1780 quod
554 1698 779 1780 interpretatur
801 1700 942 1773 caterua;
964 1695 1089 1774 fluuius,
1112 1718 1206 1781 quem
1226 1698 1326 1762 nostri
1342 1696 1471 1782 Gangen
1494 1719 1549 1761 uo-

185 1801 219 1856 10
237 1800 317 1874 cant,
341 1798 379 1860 de
401 1796 547 1878 paradiso
570 1796 675 1860 exiens
698 1801 729 1860 et
749 1816 883 1880 pergens
906 1799 945 1859 ad
958 1797 1067 1860 Indiae
1090 1797 1241 1880 regiones,
1264 1801 1336 1880 post
1358 1818 1435 1878 quas
1451 1818 1549 1862 erum·

235 1895 283 1977 pit
297 1896 330 1959 in
345 1895 486 1979 pelagus.
508 1896 585 1959 dicit
600 1899 704 1959 autem
720 1896 875 1978 scriptura
890 1895 1047 1960 circumiri
1063 1898 1101 1960 ab
1117 1898 1177 1962 hoa
1192 1897 1372 1962 uniuersam
1387 1896 1548 1978 regionem

234 1993 335 2074 Euila,
357 1995 413 2059 ubi
435 2017 546 2058 aurum
567 1996 771 2077 praecipuum
795 1996 934 2059 nascitur
956 1999 987 2059 et
1009 1995 1218 2060 carbunculus
1240 1995 1320 2079 lapis
1344 2001 1375 2059 et
1395 1997 1548 2078 prasinus

318 2190 419 2256 Faran
442 2215 526 2258 nunc
547 2194 698 2277 oppidum
719 2198 807 2258 trans
822 2193 972 2258 Arabiam
993 2195 1135 2259 iunctum
1151 2193 1322 2271 Saracenis,
1344 2195 1399 2277 qui
1420 2194 1453 2258 in
1474 2195 1548 2260 soli-

236 2291 345 2356 tudine
376 2293 450 2376 uagi
482 2299 593 2359 errant.
636 2315 692 2376 per
722 2294 782 2357 hoc
811 2293 872 2356 iter
901 2295 1043 2358 fecerunt
1064 2293 1122 2357 filii
1145 2292 1254 2370 lsrael,
1286 2314 1357 2356 cum
1381 2295 1418 2356 de
1440 2297 1547 2357 monte

185 2401 217 2453 15
236 2391 311 2455 Sina
344 2396 446 2456 castra
476 2394 657 2458 mouissent.
700 2397 747 2455 est
777 2412 867 2476 erge,
899 2397 935 2456 ut
966 2394 1113 2470 diximus,
1143 2399 1230 2457 trans
1253 2393 1404 2457 Arabiam
1436 2397 1546 2456 contra

236 2491 404 2556 australem
426 2491 560 2575 plagam,
583 2497 614 2555 et
636 2492 731 2556 distat
746 2493 785 2555 ab
801 2491 875 2555 Aila
890 2496 998 2556 contra
1013 2493 1165 2558 orientem
1179 2493 1290 2556 itinere
1305 2492 1401 2556 trium
1417 2491 1546 2555 diemm.

233 2591 265 2654 in
288 2592 410 2655 deserto
433 2597 537 2655 autem
554 2589 656 2654 Faran
678 2591 833 2674 scriptura
848 2598 1073 2657 commemorat
1087 2592 1245 2657 habitasse
1260 2591 1433 2656 ismaelem.
1461 2594 1545 2655 unde

234 2718 235 2729 ¹
272 2694 304 2754 et
334 2689 519 2770 Ismaelitae‚
550 2691 604 2773 qui
635 2713 719 2755 nunc
750 2691 905 2756 Saraceni.
953 2691 1088 2774 legimus
1119 2713 1246 2776 quoque
1278 2691 1546 2775 Chodollagomor
1566 2705 1614 2757 123

235 2809 341 2872 regem
363 2792 553 2872 percussisse
577 2813 630 2856 eos
653 2791 708 2874 qui
729 2795 818 2854 erant
839 2791 871 2853 in
893 2795 1016 2855 deserto
1039 2790 1148 2855 Faran.

185 2894 219 2949 20
319 2882 493 2973 Fylistiim‚'
507 2912 587 2972 quae
609 2911 693 2954 nunc
714 2891 829 2953 dicitur
843 2890 991 2970 Ascalon,
1014 2896 1044 2955 et
1059 2890 1142 2955 circa
1157 2914 1225 2954 eam
1240 2891 1328 2975 regio
1343 2890 1548 2955 Palaestinae.

140 3093 225 3149 ΑΘΗ
319 3087 327 3170 l
350 3087 467 3153 Puteus
489 3089 657 3153 iuramenti
680 3111 773 3173 quem
796 3090 877 3154 fodit
891 3088 1038 3166 Abraam‚
1060 3088 1091 3151 id
1108 3092 1155 3152 cst
1170 3087 1333 3153 Bersabee.
1368 3088 1400 3150 in
1416 3088 1544 3171 regione
1563 3111 1611 3162 tlt

237 3188 416 3252 Geraritica.
459 3188 593 3252 diximus
617 3192 654 3254 de
675 3191 736 3253 hoc
758 3194 789 3253 et
811 3211 913 3271 supra.

323 3286 326 3370 l
348 3287 466 3352 Puteus
487 3288 619 3353 uisionis
637 3289 670 3352 in
693 3292 816 3354 deserto
838 3291 921 3371 apud
945 3310 1038 3371 quem
1061 3287 1216 3351 habitauit
1236 3286 1333 3351 Isaac.
1562 3303 1612 3355 145

317 3387 436 3452 Puteus
466 3388 574 3451 iudicii
603 3409 704 3470 usque
735 3389 767 3452 in
799 3389 994 3470 praesentem
1026 3388 1108 3451 diem
1139 3387 1171 3450 in
1201 3388 1330 3469 regione
1361 3384 1543 3451 Geraritica.

182 3498 215 3552 25
233 3492 365 3551 uocatur
386 3491 490 3550 autem
512 3486 590 3550 uilla
613 3487 740 3552 nomine
764 3488 902 3564 Berdan‚
928 3491 1007 3567 qaod
1028 3489 1136 3550 Latiae
1164 3491 1272 3550 dautur
1298 3496 1407 3566 pateas
1429 3490 1542 3548 tader.

316 4248 377 4305 atr.
397 4247 452 4316 vgl.
469 4247 544 4302 Hier.
572 4249 675 4316 quaest.
702 4247 730 4300 in
755 4245 812 4299 Gen
832 4246 857 4298 S.
876 4249 900 4308 5,
917 4247 970 4302 9f.:
997 4245 1085 4299 Fison.
1121 4245 1195 4299 huno
1221 4262 1279 4298 esse
1304 4244 1399 4299 indiae
1426 4243 1539 4298 fluuium

232 4349 348 4418 Gangen
365 4351 474 4419 putant;
494 4365 519 4403 u.
532 4354 556 4404 ὃ.
603 4348 683 4403 latr.
702 4347 757 4416 vgl.
776 4347 849 4400 Hier.
868 4363 968 4402 comm.
985 4346 1167 4408 innubae:
1187 4345 1296 4400 Pharan
1315 4344 1416 4415 quippe
1433 4343 1539 4398 uicinus

232 4451 273 4502 est
291 4449 366 4503 locus
385 4449 473 4502 monti
491 4449 556 4502 Sina

316 4633 401 4704 bper
419 4642 452 4692 <
470 4633 530 4685 ΑΗ
590 4632 690 4701 llitera
708 4633 904 4704 simplicemC
969 4633 1066 4688 ethes
1085 4631 1167 4686 ΒΘΗ
1233 4632 1270 4686 12
1289 4629 1448 4686 EuilathO
