3750 5540
756 489 947 560 Hieronymus.

100 665 189 720 ΑΘΗ
289 654 396 720 Chefri
417 656 451 720 iu
472 656 557 721 tribu
579 657 755 725 Beniamin.

287 755 454 821 Chaselath
477 754 606 820 Thabor
626 757 660 820 in
680 757 765 821 tribu
787 757 937 823 Zabulon.

676 940 724 1004 De
747 939 928 1024 Regnorum
949 941 1046 1006 libris.

288 1086 445 1154 Chettiim.
484 1095 568 1155 terra
589 1088 736 1155 ChettIim
760 1091 882 1174 Cyprus
906 1091 1028 1170 dicitur,
1051 1091 1083 1156 in
1105 1114 1168 1177 qua
1190 1092 1350 1158 ciuitatem
1373 1093 1515 1157 condidit

167 1186 298 1252 thuna.
341 1210 415 1252 nam
438 1194 469 1254 et
489 1192 565 1254 urbs
587 1191 743 1274 hodieque
765 1189 862 1274 Cypri
885 1191 1001 1256 Citium
1023 1195 1253 1275 nuncupantur.

288 1286 406 1366 Charri,
439 1291 478 1351 ad
509 1311 603 1372 quem
632 1289 738 1355 locum
759 1295 942 1373 persecutus
974 1295 1021 1354 est
1042 1289 1117 1355 Ioab
1140 1314 1189 1356 res
1210 1314 1309 1357 nouas
1331 1291 1513 1356 molientem

204 1384 313 1451 Sabee.

288 1484 478 1565 ChomarIm,
499 1489 554 1552 ubi
576 1487 675 1553 Iosias
696 1489 864 1554 simulacra
886 1489 1066 1554 combussit

288 1584 460 1664 Chalanne,
490 1589 545 1652 ubi
575 1589 669 1653 turris
700 1588 865 1653 aedificata
895 1595 942 1654 est
972 1589 1060 1653 iuxta
1082 1588 1224 1667 Esaiam,
1255 1589 1337 1653 sicut
1367 1593 1398 1652 et
1419 1611 1514 1671 supra

151 1699 186 1754 10
204 1685 349 1750 dlximus.

288 1784 428 1850 Charran
450 1787 561 1850 ciuitas
583 1785 786 1869 Assyriorum
808 1789 840 1852 in
863 1789 991 1872 regione
1013 1787 1154 1854 Theman
1176 1789 1264 1852 iuxta
1286 1787 1421 1853 Esaiam.

288 1884 456 1950 Ohaselath
478 1884 566 1948 iuxta
587 1883 715 1950 Thabor
735 1886 889 1951 terminus
906 1886 1055 1953 Zabulon.
1090 1887 1226 1951 diximus
1249 1890 1286 1952 de
1309 1910 1345 1951 ea
1367 1892 1398 1951 et
1420 1909 1514 1970 supra

204 1985 263 2050 sub
285 1987 412 2049 nomine
434 1982 574 2049 Chaalus.

288 2083 409 2149 Chabol
431 2086 583 2148 terminus
604 2084 694 2150 Aser.

151 2195 187 2249 15
289 2182 416 2248 Chalab.
460 2186 498 2248 de
520 2184 581 2249 hac
603 2184 739 2249 cultores
761 2185 911 2267 pristinos
934 2187 1016 2250 Aser
1037 2209 1100 2251 non
1121 2185 1223 2251 ualuit
1245 2185 1408 2268 expellere.

289 2385 426 2450 Chorath
457 2389 579 2450 torrens
610 2389 697 2448 trans
719 2382 896 2465 Iordanem,
927 2388 960 2450 in
991 2408 1054 2470 quo
1085 2388 1288 2452 absconditus
1320 2391 1367 2450 est
1387 2385 1513 2450 Eliase

205 2485 334 2568 regione
356 2484 496 2549 eiusdem
517 2483 664 2548 fluminis.

287 2582 410 2648 Chotha
431 2583 518 2667 regio
540 2582 750 2661 Assyriorum.
850 2581 853 2588 ’

286 2682 412 2748 Ohobar
432 2682 551 2747 flumen
573 2680 792 2766 Babylonium,
815 2685 896 2748 sicut
916 2685 949 2748 in
971 2685 1129 2750 lezeohiel.

152 2792 187 2848 20
287 2783 296 2866 l
317 2782 519 2848 charchamis
542 2781 653 2846 ciuitas
675 2782 762 2845 iuxta
783 2783 901 2848 flumen
922 2784 1083 2849 Eufraten.
1530 2795 1580 2847 114

288 2883 458 2948 Chamoam
479 2881 592 2946 uillula
613 2881 699 2945 iuxta
719 2880 892 2946 Bethleem.

287 2981 414 3061 Chelon,
436 3004 517 3066 quae
539 2985 570 3044 et
590 2980 681 3058 Elon,
712 2981 862 3064 oppidum
886 2983 992 3062 Moab,
1023 2983 1105 3047 sicut
1134 2982 1167 3045 in
1193 2981 1327 3047 Ieremia
1357 2984 1512 3048 scribitur.

285 3081 419 3147 Chamoe
440 3081 562 3145 idolum
584 3079 688 3145 Moab.

287 3179 442 3245 Chorazin
463 3181 614 3264 oppidum
638 3179 807 3259 Galilaeae,
839 3183 923 3264 quod
946 3179 1089 3246 Christus
1110 3186 1239 3264 propter
1259 3181 1511 3246 incredulitatem

152 3298 185 3350 25
203 3279 424 3345 miserabiliter
447 3280 591 3363 deplorat
613 3285 645 3344 et
665 3279 796 3364 plangit.
838 3284 885 3345 est
906 3284 1009 3345 autem
1032 3303 1116 3345 nuno
1138 3284 1294 3345 desertum
1317 3282 1350 3345 in
1373 3285 1510 3346 seeundo

202 3378 307 3462 lapide
329 3403 347 3443 a
369 3379 567 3446 Cafarnaum.

285 3477 473 3558 Chimarrus,
503 3486 536 3544 id
556 3491 598 3544 eat
621 3491 742 3557 terreos,
774 3477 910 3558 Cedron,
940 3481 978 3544 de
1001 3502 1064 3564 quo
1088 3485 1119 3544 et
1140 3503 1234 3563 supra
1256 3482 1401 3560 diximus,
1430 3481 1512 3546 inter

201 3582 338 3643 montem
362 3577 479 3644 Oliueti
501 3584 532 3643 et
553 3577 731 3659 Ierusalem,
752 3579 808 3643 ubi
830 3578 992 3643 dominum
1014 3580 1203 3646 saluatorem
1225 3577 1352 3645 Ioannis
1375 3603 1511 3666 euange-

200 3677 274 3742 IIsta
295 3682 402 3742 narrat
419 3679 576 3744 traditum.

285 4391 321 4445 a?
343 4389 369 4446 S.
388 4393 444 4458 119,
464 4391 503 4445 uf.

285 4560 321 4614 ll
342 4559 518 4615 CharanAO
567 4561 604 4616 15
623 4559 808 4616 ChalobterA
828 4559 987 4614 ChalatbO
1036 4561 1075 4616 22
1095 4564 1122 4615 et
1140 4561 1316 4616 Aealon.lll
1363 4561 1507 4629 ‘Zblloubl

202 4668 231 4728 ἦ·
249 4661 289 4715 De
307 4659 467 4730 Euangeliis
491 4661 532 4715 Vc
