3750 5540
762 502 952 573 Hieronymus.

699 672 747 737 De
769 672 851 738 libro
873 671 1025 739 Iudiuum.

291 819 410 885 Fanuel
433 822 553 901 ciuitas,
576 844 672 906 quam
694 823 872 887 aedifioauit
894 823 1066 890 Ieroboam.

290 918 409 985 Fanual
439 921 543 1001 turris,
574 944 669 1007 quam
700 923 856 988 subuertit
878 923 1015 990 Gedeon.
1057 929 1112 990 sed
1143 931 1174 990 et
1204 949 1285 990 unus
1316 928 1354 990 da
1377 925 1451 990 filiis
1474 923 1518 990 Or

203 1024 336 1084 uooatus
359 1025 407 1086 est
429 1019 557 1087 Fanuel.

168 1122 184 1171 ἵ)
289 1118 461 1202 Fruathon‚
493 1125 576 1186 unde
607 1122 669 1186 fuit
690 1120 806 1187 Abdon
827 1125 921 1187 iudex
943 1123 1053 1206 populi
1075 1124 1173 1190 Israel
1194 1126 1227 1188 in
1249 1129 1355 1189 monte
1378 1125 1517 1191 Amalec.

673 1387 721 1452 De
744 1386 926 1472 Regnorum
948 1387 1047 1454 libris.
1535 1407 1584 1461 124

288 1838 433 1904 Felmoni
455 1839 594 1921 Almoni‚
616 1845 702 1924 quod
724 1840 842 1924 Aquila
862 1843 1086 1925 interpretatur
1106 1844 1198 1909 illum
1220 1845 1272 1908 uel
1293 1845 1398 1924 istum,
1426 1844 1516 1928 Sym-

204 1940 335 2004 machus
356 1961 432 2004 uero
454 1941 560 2004 neseio
583 1962 676 2024 quem
697 1940 813 2019 locum,
843 1939 1044 2007 Theodotion
1063 1943 1154 2009 illum
1176 1944 1282 2010 locum
1303 1943 1441 2009 Elmoni.
1483 1951 1516 2008 de

205 2061 265 2119 pao
285 2044 321 2102 iu
342 2043 426 2103 tibris
448 2043 662 2104 Hebraeorum
683 2046 892 2122 quaestionum
909 2046 1033 2121 plautus
1054 2048 1241 2126 disputatum
1262 2055 1310 2108 est.

151 2151 186 2204 10
288 2137 377 2221 Fogo
400 2138 511 2203 ciuitas
534 2139 623 2223 regni
644 2139 757 2205 Edom.

286 2235 398 2301 Farfer
419 2237 535 2303 fluuius
557 2239 713 2305 Damasei.

285 2333 421 2402 Fsthora
443 2337 531 2421 regio
553 2338 693 2422 Aegypti
719 2339 807 2402 iuxta
828 2339 978 2405 Iezeehiel
1001 2345 1032 2405 et
1053 2340 1226 2422 Ieremiam,
1248 2342 1280 2404 in
1303 2363 1365 2425 qua
1386 2343 1515 2427 profugi

202 2436 385 2501 habitauere
407 2437 523 2500 Iudaei.

107 2761 193 2816 ΑΘΗ
760 2756 809 2820 De
832 2753 952 2822 Genesi.
1532 2774 1581 2826 111

152 2917 185 2968 15
288 2902 447 2970 Chalanne
469 2905 580 2970 ciuitas
602 2907 692 2989 regni
714 2904 853 2971 Nemrod
875 2907 908 2971 in
922 2907 1094 2990 Babylone,
1116 2907 1205 2972 euius
1228 2911 1259 2971 et
1273 2906 1384 2975 Esaias
1405 2911 1514 2976 memi-

203 3004 250 3068 nit
272 3004 391 3068 dioens:
416 3010 466 3069 »et
489 3004 657 3083 chalanne,
678 3007 734 3069 ubi
754 3007 850 3071 turris
872 3007 1036 3072 aedificata
1058 3011 1134 3072 est«.

285 3103 402 3169 Chalae
422 3107 497 3170 urbs
511 3105 722 3188 Assyriorum,
746 3128 840 3190 quam
863 3107 1043 3172 aedificarit
1061 3107 1163 3170 Assur
1185 3107 1348 3190 egrediens
1370 3111 1408 3173 de
1431 3114 1513 3174 terra

201 3203 349 3268 Sennaar.

284 3303 293 3387 {t
314 3304 454 3369 Charran
485 3304 597 3370 oiuitas
619 3305 866 3388 Mesopotamiae
897 3310 983 3369 trans
1006 3305 1157 3371 Edessam
1189 3328 1269 3390 quoe
1295 3328 1396 3390 usque
1418 3307 1512 3374 hodie
1530 3329 1580 3383 112

151 3411 184 3464 20
204 3402 299 3466 [farre
321 3404 443 3482 dieitur,
473 3409 526 3468 ubi
546 3405 707 3468 Romanus
736 3415 778 3469 est
807 3411 1084 3482 caesaredunum,
1115 3417 1142 3470 et
1166 3410 1295 3470 Crassus
1317 3411 1378 3472 dua
1399 3419 1511 3490 raptus.

286 3502 439 3582 Chebron,
462 3525 542 3586 quae
565 3506 724 3586 quondam
747 3507 920 3568 uocabatur
941 3509 1029 3583 Arba,
1051 3511 1114 3568 lieet
1136 3510 1212 3568 male
1233 3511 1267 3569 a'u
1293 3510 1413 3570 Graecis
1434 3514 1512 3573 eodi-

201 3606 282 3665 re'bus
303 3607 445 3666 traheretur
458 3603 574 3667 Arbon.
605 3602 731 3668 condita
753 3608 800 3668 est
821 3608 925 3667 autam
948 3608 1020 3667 ante
1042 3607 1161 3686 septem
1185 3625 1283 3668 annos
1307 3625 1401 3687 quam
1416 3605 1512 3672 Tanis

200 3702 276 3766 urbs
297 3702 439 3786 Aegypti
461 3705 653 3767 conderetur.
697 3702 832 3768 diximus
855 3705 893 3767 de
914 3703 974 3768 hae
996 3707 1151 3785 utsupra.
1186 3701 1248 3766 fuit
1269 3708 1374 3768 autem
1396 3709 1511 3773 metro·

200 3800 281 3882 polis
303 3799 444 3880 Emeum,
466 3825 542 3884 quos
561 3808 695 3883 ptyautes
716 3813 743 3867 et
758 3814 890 3886 potentes
911 3807 1073 3883 intelteyere
1094 3807 1238 3867 dederam.

284 4568 378 4622 8Hor
395 4567 420 4621 A
438 4569 525 4623 cnam
547 4569 570 4624 0
654 4569 691 4624 10
710 4569 841 4640 FogorA
930 4571 967 4625 12
986 4571 1084 4625 Fatore
1103 4573 1128 4622 Α
1146 4571 1173 4640 (o
1190 4571 1286 4640 ritant)
1304 4569 1404 4623 Futuro
1421 4569 1442 4622 Β
1460 4570 1509 4623 Fa·

199 4669 278 4723 thure
300 4667 323 4723 0
390 4668 428 4723 14
447 4669 488 4722 De
506 4669 674 4726 Pentateuoo
692 4671 718 4725 B
