3752 5542
788 471 977 539 Hieronymus.

136 679 220 735 ΑΘΗ
724 672 772 736 De
793 671 937 738 Iudioum
958 672 1049 738 libro.

316 823 404 888 Arad
426 822 537 888 ciuitas
558 823 592 886 in
614 845 676 907 qua
697 822 919 887 habitauernnt
940 822 1000 887 filii
1013 822 1112 888 lebab
1135 819 1235 887 sooeri
1257 818 1415 902 Moysiin
1436 817 1540 883 medio

230 923 365 988 Israelis.

313 1023 402 1087 Ared
422 1021 495 1086 fons
516 1024 600 1105 apud
622 1043 717 1104 quem
740 1020 867 1087 Gedeou
890 1025 1150 1087 castrametatus
1173 1023 1228 1084 est.

199 1129 215 1180 o
314 1121 444 1187 Arisoth
461 1120 573 1186 ciuitas
588 1119 710 1184 Sisarae
731 1119 883 1204 principis
904 1121 998 1186 labis,
1042 1125 1089 1186 est
1110 1125 1215 1185 autem
1234 1117 1317 1183 Iabis
1339 1113 1348 1199 ]Ι
1368 1120 1454 1181 trans
1476 1114 1540 1179 lor·
1559 1129 1595 1183 96

233 1224 345 1286 danem
366 1241 450 1285 nuno
471 1219 550 1283 uilla
570 1219 762 1303 pergrandis,
785 1243 803 1283 a
825 1221 954 1285 ciuitate
975 1218 1083 1284 Pellae
1104 1242 1159 1285 sex
1180 1218 1309 1283 milibus
1332 1217 1451 1281 distans
1473 1236 1540 1299 per-

234 1319 381 1405 gentibus
404 1318 563 1384 Gerasam.
723 1401 729 1414 ο

316 1420 405 1485 Ares.
440 1441 587 1484 aseensus
609 1420 699 1497 Area,
721 1441 778 1503 pro
802 1442 864 1504 quo
889 1418 1007 1503 Aquila
1028 1419 1253 1502 interpretatur
1274 1416 1424 1496 saltuum,
1451 1414 1542 1500 Sym·

233 1520 363 1584 maehus
385 1518 549 1582 montium.

184 1623 217 1676 10
317 1618 413 1683 Aruir
435 1616 490 1682 ubi
513 1616 677 1681 dimioauit
698 1615 826 1683 Ielthae.
870 1621 917 1682 est
938 1617 1093 1701 hodieque
1115 1615 1194 1680 uilla
1215 1615 1247 1679 in
1269 1621 1376 1682 monte
1398 1617 1465 1696 sita,
1495 1616 1542 1678 ui-

235 1720 352 1784 cesimo
375 1717 414 1780 ab
437 1715 528 1781 Aelia
549 1715 654 1799 lapide
678 1718 717 1780 ad
739 1718 993 1800 septentrionem.

315 1817 426 1881 Arima
448 1816 503 1881 ubi
524 1815 680 1898 scriptura
701 1816 797 1880 refert
818 1817 935 1881 sedisse
957 1815 1151 1881 Abimeleoh.

315 1917 423 1981 Aialin
445 1916 557 1980 eiuitas
578 1915 612 1978 in
633 1918 717 1979 terra
731 1913 880 1994 Zabulon,
903 1918 941 1981 de
963 1937 1026 1999 qua
1047 1915 1108 1980 fuit
1131 1920 1162 1980 et
1182 1913 1236 1979 ille
1251 1913 1366 1980 Aialon
1389 1914 1443 1998 qui
1462 1913 1542 1978 iudi-

235 2017 320 2082 oauit
341 2015 495 2100 populum
514 2013 619 2080 lsrael.

185 2120 217 2173 15
318 2115 402 2181 Abel
431 2115 596 2179 uinearum
627 2112 681 2178 ubi
712 2113 874 2179 dimieauit
905 2113 1039 2194 lefthae,
1069 2115 1103 2178 in
1133 2119 1215 2180 terra
1246 2113 1383 2178 filiorum
1406 2114 1544 2178 Ammon

235 2238 307 2280 nam
338 2220 369 2280 et
400 2237 499 2299 usque
529 2215 562 2278 in
591 2217 789 2297 praesentem
820 2214 903 2278 diem
924 2214 958 2277 in
980 2214 1114 2297 septimo
1136 2213 1240 2298 lapide
1262 2211 1445 2278 Filadelfiae
1466 2211 1544 2277 uilla

234 2313 335 2378 Abala
366 2314 503 2378 eernitur
532 2313 647 2378 uinetis
678 2315 808 2378 consita.
852 2313 914 2376 alia
936 2334 1062 2397 quoque
1085 2319 1132 2378 est
1154 2315 1266 2378 ciuitas
1288 2313 1416 2378 nomine
1437 2311 1540 2375 Abala

232 2414 300 2478 uini
322 2413 434 2478 fertilis
455 2413 489 2476 in
511 2414 696 2478 duodeeimo
719 2437 738 2476 a
757 2411 889 2477 Gadaris
911 2411 1046 2477 miliario
1070 2417 1178 2477 eontra
1199 2413 1384 2478 orientalem
1405 2412 1543 2496 plagam.

232 2535 291 2578 neo
312 2535 376 2578 uon
397 2519 428 2578 et
449 2512 542 2577 tertia
562 2513 596 2577 in
618 2510 752 2578 Foenioe
774 2512 884 2592 Abala,
904 2513 987 2577 inter
1007 2511 1198 2578 Damascum
1220 2517 1251 2576 et
1272 2513 1456 2578 Paneadem.

185 2811 218 2868 20
615 2874 618 2880 ,
702 2793 750 2858 De
772 2793 955 2880 Regnorum
977 2793 1074 2859 libris.

319 2945 505 3010 Armathem
528 2944 625 3010 Sofim
656 2944 768 3010 ciuitas
794 2944 932 3010 Eloanae
963 2950 994 3010 et
1024 2943 1186 3024 Samuelis,
1216 2945 1250 3009 in
1279 2945 1408 3028 regione
1430 2942 1544 3009 'Pham-

236 3045 333 3109 nitioa
353 3045 442 3110 iuxta
463 3043 651 3127 Diospolim.
694 3048 776 3109 unde
798 3045 859 3110 fuit
873 3044 962 3111 losef
981 3045 1036 3129 qui
1057 3045 1090 3108 in
1108 3042 1292 3127 Euangeliis
1315 3047 1353 3107 de
1368 3043 1546 3110 Arimathia

237 3146 492 3322 Sssrlbiilirenezer,
522 3246 608 3327 quod
638 3245 863 3327 interpretatur
892 3242 972 3327 lapis
1002 3243 1150 3308 adiutorii
1179 3243 1245 3306 siue
1266 3242 1347 3326 lapis
1369 3243 1545 3310 auxiliator.

187 3355 219 3409 25
238 3345 286 3406 est
307 3347 412 3407 autem
433 3343 522 3409 loeus
544 3346 627 3408 unde
649 3343 790 3408 tulerunt
804 3343 961 3426 Fylistiim
984 3365 1088 3408 arcam
1108 3343 1296 3422 testamenti,
1318 3343 1400 3408 inter
1420 3342 1545 3408 Aeliam

236 3447 267 3505 et
288 3442 479 3507 Ascalonem
499 3442 588 3507 iuxta
609 3443 719 3507 uillam
741 3443 937 3527 Bethsamys.

322 4339 404 4395 alu.
422 4339 479 4408 vgl.
498 4339 570 4394 Hier.
589 4356 630 4410 ep.
651 4342 708 4406 108,
726 4341 754 4396 8:
785 4340 860 4394 haud
885 4339 979 4411 procul
1006 4339 1041 4393 ab
1060 4355 1092 4394 ea
1117 4339 1182 4408 (von
1199 4339 1346 4412 Diospolis)
1364 4340 1545 4395 Arimathiam

237 4438 360 4494 uionlum
377 4439 487 4511 Joseph,
506 4441 552 4510 qui
570 4441 712 4496 domiuum
729 4442 856 4513 sepeliuit

289 4642 339 4768 Εὖ
354 4642 473 4771 lAsirolblh
491 4645 523 4698 H
535 4645 584 4713 vlff.
602 4647 677 4700 LXX
695 4650 719 4701 A
736 4663 802 4700 uere.
876 4645 913 4701 ll)
932 4643 981 4714 et¹]
1000 4653 1033 4704 <
1052 4647 1076 4699 A
1094 4645 1123 4699 in
1141 4645 1174 4700 H
1234 4643 1338 4712 labile
1356 4644 1454 4714 Aeliu

310 4737 353 4772 use
370 4729 409 4772 ius
459 4759 464 4772 .
1316 4731 1333 4785 3
