3780 5536
344 476 384 540 68
932 472 1074 528 Eusebius.

344 627 513 721 ἀπέχουσα
535 639 683 721 σημείοις
705 632 736 703 δ’
760 637 797 705 ἐν
811 643 962 724 βορείοις.
998 631 1040 707 ού
1052 633 1120 725 μῆν
1134 630 1268 706 δνειλεν
1283 635 1319 721 ἐξ
1335 629 1439 724 αύτῆς
1454 632 1535 715 τούς
1550 629 1652 705 δλλο·

346 730 474 820 φύλους
495 727 516 821 ῆ
539 730 630 822 φυλῆ
650 727 798 822 Ἐφραίμ.

431 830 543 904 Γοσόν
564 836 634 918 (ίοε
658 843 705 912 10,
726 840 787 918 41).
828 840 883 904 καὶ
904 831 1034 924 ταύτην
1054 830 1297 924 ἐπολιόρκησεν
1319 829 1452 924 Ἰησοῦς.

431 941 465 1002 Γ
460 938 504 1002 έθ
530 935 600 1019 (Jos
624 943 675 1016 11,
697 940 758 1018 22).
799 936 836 1004 ἐν
866 931 974 1022 ταύτη
1004 942 1280 1023 κατελείφθησαν
1310 935 1343 1004 οί
1374 927 1524 1020 Ἐνακεὶμ
1554 928 1655 1005 ύλλό-

313 1052 330 1104 5
348 1039 451 1119 φυλοι
480 1039 537 1101 καλ
566 1032 598 1104 οί
622 1038 819 1103 Φυλισταῑοι
844 1033 889 1123 μῆ
910 1036 1223 1122 ἐξολοθρευθέντες.
1264 1038 1321 1102 καὶ
1343 1034 1435 1104 ἔστιν
1457 1036 1504 1114 είς
1526 1035 1577 1103 ἔτι
1597 1038 1654 1102 καί

348 1137 410 1202 νῦν
430 1130 528 1220 κώμη
550 1127 749 1251 παριόντων
770 1126 838 1202 ἀπὸ
859 1129 1170 1220 Ἑλευθεροπόλεως
1192 1135 1246 1204 ἐπὶ
1269 1128 1453 1204 Διόσπολιν
1475 1138 1552 1220 περὶ
1574 1137 1656 1220 πέμ-

348 1259 439 1301 πτον
459 1249 597 1320 σημεῖον
617 1236 680 1319 τῆς
699 1225 1019 1319 Ἑλευθεροπόλεως.

432 1336 612 1419 Γεσουρείμ
641 1334 712 1416 (Jos
736 1342 787 1415 12,
810 1336 851 1419 5).
891 1329 993 1454 πόλις
1023 1327 1240 1419 ἀλλοφύλων.
1283 1321 1369 1420 αύτη
1400 1336 1437 1401 δέ
1466 1333 1539 1401 ἐστι
1570 1339 1655 1451 Γαρ-

348 1436 440 1518 γασεὶ
470 1433 507 1500 ἐν
538 1436 581 1518 τῆ
604 1433 810 1514 Βασανίτιδι,
841 1425 901 1518 ἀφ’
931 1423 971 1520 ἧς
995 1428 1076 1503 »ούκ
1105 1428 1364 1519 ἐξωλδθρευσαν
1385 1433 1418 1500 οί
1438 1431 1506 1502 υἱοί
1527 1426 1655 1519 Ἰσραὴλ

298 1545 332 1599 10
350 1526 413 1600 τὸν
436 1535 623 1616 Γεσουρείι.

434 1633 542 1714 Γαδέρ
564 1630 633 1714 (Jos
658 1640 705 1712 12,
730 1633 789 1718 13).
831 1635 887 1700 καὶ
917 1627 1043 1720 ταύτης
1072 1628 1136 1702 τόν
1165 1635 1300 1714 βασιλέα
1330 1627 1497 1715 ἐπάταξεν
1526 1622 1656 1717 Ἰησοῦς.

348 1735 405 1799 καὶ
419 1723 536 1812 Ἰακώβ
556 1732 592 1798 δὲ
617 1731 788 1800 »ἐπέκεινα
810 1735 874 1800 τοῦ
887 1729 1017 1817 πύργου
1033 1735 1140 1817 Γαδὲρ
1162 1733 1261 1817 ἔπηξε
1284 1726 1349 1817 τῆν
1370 1727 1499 1818 σκηνὴν
1520 1724 1656 1800 αύτοῦι.

434 1835 467 1895 Γ
462 1833 542 1898 ωεὶν
564 1832 625 1916 τῆς
648 1836 682 1897 Γ
677 1833 772 1916 ελγίλ
794 1832 863 1918 (Jos
887 1840 934 1912 12,
957 1834 1017 1914 23).
1060 1825 1105 1899 ’A'
1129 1829 1173 1898 Σ
1197 1832 1315 1899 ἐθνῶν
1337 1832 1399 1917 τῆς
1422 1832 1556 1917 Γελγέλ.

282 2047 334 2102 231
436 2033 439 2116 ί
464 2034 588 2116 Γελγέλ
611 2033 680 2114 (Jos
705 2040 752 2114 12,
775 2034 835 2117 23).
878 2036 932 2100 καὶ
954 2029 1085 2118 ταύτην
1106 2027 1195 2100 εἶλεν
1209 2023 1338 2118 Ἰησοῦς.
1368 2029 1438 2097 ἔστι
1460 2033 1573 2098 δὲκαὶ
1595 2033 1657 2098 νῦν

301 2154 334 2206 15
351 2133 360 2214 ι)
380 2128 477 2217 κοόμη
502 2135 687 2217 Γαλγουλὶς
717 2135 886 2219 λεγομένη,
916 2125 1170 2216 Ἀντιπάτριδος
1203 2123 1251 2209 σός
1283 2123 1351 2199 ἀπὸ
1382 2133 1528 2216 σημείων
1559 2129 1595 2212 ἐξ
1620 2131 1658 2197 ἐν
1674 2142 1726 2195 245

350 2247 423 2310 τοῖς
442 2236 596 2317 βορείοις.

434 2325 654 2418 Γολαθμόειμ
674 2333 744 2415 (Jos
769 2339 816 2411 15,
841 2336 899 2414 19).
940 2326 1061 2410 τόπος·
1099 2324 1315 2418 ἑρμηνεύεται
1345 2331 1478 2416 <κτῆσις
1507 2319 1657 2414 ύδατος).

435 2424 548 2500 Γαδδύ
570 2432 639 2514 (Jos
663 2440 711 2512 15,
734 2433 794 2515 27).
837 2434 944 2516 φυλῆς
964 2424 1076 2499 Ἰούδα.
1119 2427 1216 2515 κώμη
1247 2430 1293 2507 είς
1323 2428 1373 2495 ἔτι
1402 2431 1457 2495 καὶ
1480 2430 1543 2496 νῦν
1564 2429 1657 2496 ἐστιν

350 2532 388 2598 ἐν
409 2524 562 2616 ἐσχάτοις
583 2534 646 2598 τοῦ
668 2534 813 2616 Δαρωμᾶ
836 2525 938 2618 (πρὸς
959 2523 1130 2607 ύνατολδις
1151 2529 1206 2596 ἐπὶ
1228 2533 1273 2613 τῆ
1295 2530 1412 2617 νεκρᾷ)
1438 2522 1602 2612 θαλάσση.

301 2645 335 2700 20
436 2627 580 2717 Γάδειρα
602 2631 672 2715 (Jos
696 2638 743 2710 15,
766 2630 828 2715 36),
870 2633 977 2715 φυλῆς
998 2622 1110 2698 Ἰούδα.
1154 2621 1290 2714 Ιίδωρά
1321 2628 1390 2695 ἐστι
1417 2630 1481 2696 νῦν
1500 2623 1600 2714 κώμη
1621 2628 1658 2695 ἐν

352 2722 458 2815 ὁρίοις
480 2731 600 2809 Αίλίας
621 2730 695 2814 περὶ
719 2723 783 2814 τὴν
805 2732 1014 2813 τερέβινθον.

437 2824 564 2913 Γεδούρ
586 2829 656 2915 (Jos
681 2837 728 2910 15,
751 2830 814 2912 58).
856 2830 964 2914 φυλῆς
985 2821 1098 2897 Ἰούδα.
1140 2829 1195 2894 καὶ
1217 2829 1279 2895 νῦν
1300 2826 1371 2894 ἐστι
1393 2832 1427 2893 Γ
1422 2821 1539 2911 εδρούς
1561 2823 1658 2914 κώμη

352 2933 488 3016 μεγίστη
510 2921 578 2998 δπὸ
601 2923 625 2995 ι’
649 2932 795 3013 σημείων
816 2921 1033 3010 Διοσπόλεως
1055 2919 1233 2995 ἀπιόντων
1254 2928 1301 3005 είς
1321 2918 1617 3011 Ἐλευθερόπολιν.

437 3032 543 3111 Γαβλί
565 3030 636 3112 (Jos
661 3034 707 3108 13,
731 3029 771 3109 5).
813 3031 854 3115 γῆ
875 3032 949 3097 τῶν
970 3021 1189 3112 δλλοφύλων.

302 3142 335 3198 25
436 3126 550 3197 Γισών
572 3129 641 3212 (Jos
667 3137 714 3209 15,
737 3130 799 3212 51).
842 3131 951 3215 φυλῆς
970 3119 1084 3196 Ἰούδα.

437 3233 487 3315 Γι
489 3225 563 3297 λων
584 3228 654 3311 ίίοε
679 3237 726 3309 15,
749 3229 811 3312 51).
855 3230 964 3313 φυλῆς
984 3220 1098 3295 Ἰούδα.

436 3325 627 3415 <Γαδηροόθ
649 3326 718 3412 (Jos
742 3336 790 3406 15,
812 3328 874 3411 41).
917 3329 1025 3412 φυλῆς
1046 3318 1174 3419 Ἰούδα.)

437 3434 471 3495 Γ
467 3422 647 3514 εθρεμμων
669 3427 737 3510 (Jos
759 3431 809 3507 21,
832 3428 892 3511 25).
935 3427 1044 3513 φυλῆς
1067 3427 1240 3511 Μανασσῆ,
1263 3417 1363 3505 πόλις
1385 3419 1587 3506 Λευίταις’
1566 3451 1661 3510 αφω-

354 3531 499 3615 ρισμὲνη.

442 3800 458 3854 1
478 3799 525 3854 Jos
543 3800 583 3865 16,
602 3800 647 3864 10;
665 3798 748 3853 Richt
765 3801 789 3865 1,
807 3798 841 3853 29
943 3797 962 3850 4
981 3794 1054 3849 Cam
1073 3793 1146 3848 Med.
1163 3795 1208 3849 57:
1227 3794 1301 3848 ΡΕΘ
1320 3797 1348 3848 Η
1365 3795 1446 3849 ΝΥΝ
1459 3794 1568 3849 Hm
1588 3795 1660 3848 MJA

356 3902 457 3956 ΠΟΤΕ
475 3901 555 3955 ΤΩΝ
570 3899 800 3954 ΣΑΤΡΑΠΙΩΝ
848 3897 991 3964 910s13,
1011 3897 1042 3951 13
1096 3897 1133 3952 12
1153 3895 1212 3950 Gen
1229 3897 1323 3962 3516
1375 3896 1415 3951 20
1433 3895 1507 3950 Cart.
1525 3893 1598 3948 Med.
1615 3896 1661 3949 43:

356 4003 505 4057 PEAOYP
522 4003 552 4056 H
568 4001 665 4066 K<Az>
683 4000 836 4054 ΓΙΔΙΘΡΑ

442 4248 496 4306 91.
513 4247 690 4303 κατιδντωνῗ
756 4248 760 4312 Ι
776 4243 822 4301 ἐπί
838 4246 910 4300 nach
927 4244 953 4297 Η
970 4244 1070 4316 περὶ1ί
1158 4244 1196 4299 12
1215 4237 1299 4312 ἔπηξε
1316 4243 1389 4297 nach
1407 4241 1507 4296 HLXX
1525 4234 1661 4310 ἐστησε1

359 4353 396 4409 15
414 4349 600 4424 γαλβουλίςθ
666 4343 901 4419 ΙἌντιποίτριδος]
922 4343 1008 4415 ταίτη
1027 4346 1161 4416 πατρίδος
1181 4344 1205 4398 V
1293 4345 1328 4400 17
1358 4349 1453 4412 κτῆσις
1471 4337 1572 4408 ὕδατος
1590 4342 1661 4397 nach

358 4453 383 4508 H
402 4454 478 4518 Hex„
498 4455 526 4520 ζτ
540 4469 564 4507 α.
583 4451 614 4506 R„
633 4450 673 4503 V²
743 4451 780 4505 19
799 4445 871 4517 πρὸς
887 4478 919 4487 -
940 4453 1028 4521 νεκρᾷ
1046 4444 1225 4515 111111ιείρη
1250 4445 1268 4499 1.
1288 4445 1321 4498 Τ.
1343 4445 1367 4498 V
1386 4445 1494 4500 dimach
1513 4449 1527 4499 1
1547 4445 1619 4499 Zeile
1636 4462 1664 4498 u.

358 4559 375 4612 5
392 4556 442 4611 Bb.
461 4555 541 4610 θεῖοι
560 4553 646 4608 Βααῐο
695 4554 699 4620 1
715 4549 847 4606 θάλασσα
866 4549 890 4604 V
960 4550 999 4604 22
1018 4545 1140 4619 Γεδροὺς
1157 4545 1288 4601 Βοοθὲτε
1304 4545 1402 4612 κίδους
1420 4547 1444 4600 V
1516 4548 1556 4602 21
1574 4547 1664 4616 Γαβλί

359 4659 437 4728 (oder
454 4658 570 4730 Γαββλί)
589 4654 660 4710 nach
677 4653 777 4709 HLXX
794 4653 912 4724 Γαμβλὴ
931 4650 956 4704 V
1007 4651 1043 4706 21
1065 4644 1208 4719 Γαδηρὼθ
1225 4679 1257 4688 -
1275 4642 1364 4703 Ἰούδα
1381 4648 1453 4703 nach
1471 4649 1497 4703 H
