3780 5536
803 487 993 556 Hieronymus.
1500 496 1558 555 119

154 653 234 709 AOH
333 648 533 729 Clauthrnon,
554 653 588 716 id
610 659 657 717 est
679 654 808 719 fletuum
831 655 928 732 loeus,
950 677 968 716 a
989 654 1118 737 planetu
1142 678 1256 722 nomen
1279 656 1444 738 accipiens.

712 920 759 984 De
782 921 964 1005 Regnorum
986 920 1086 985 libris,

327 1068 404 1133 Ceni
425 1069 513 1152 regio
536 1069 702 1152 Fylistiim.

329 1167 498 1245 Carmelus
528 1170 583 1232 ubi
605 1168 709 1234 Nabal
740 1175 902 1254 quondam
924 1171 1097 1237 Carmelius
1129 1170 1201 1247 fuit,
1232 1175 1263 1234 et
1293 1193 1376 1236 nuno
1405 1171 1484 1235 uilla
1506 1177 1553 1236 est

211 1279 227 1330 5
246 1266 409 1332 Chermela
430 1270 565 1340 nomine,
587 1270 621 1332 in
643 1270 764 1334 declino
785 1271 891 1354 lapide
906 1271 1015 1354 oppidi
1034 1269 1187 1348 Chebron,
1208 1268 1218 1353 11
1232 1290 1366 1354 uergens
1388 1275 1427 1334 ad
1451 1273 1552 1336 orien-
1570 1275 1618 1326 111

245 1367 339 1430 talem
363 1367 498 1451 plagam,
520 1369 575 1431 ubi
598 1374 629 1432 et
651 1369 829 1433 Romanum
851 1370 1043 1453 praesidium
1064 1369 1202 1453 positum
1226 1375 1280 1435 est.

326 1763 456 1830 Oedron.
500 1766 676 1849 appellatur
705 1773 827 1832 torrens
856 1770 922 1833 siue
949 1767 1043 1832 uallis
1066 1767 1189 1833 Cedron
1210 1769 1299 1832 iuxta
1319 1768 1490 1833 Ierusalem
1512 1771 1551 1830 ad

243 1863 429 1928 orientalem
452 1865 588 1949 plagam,
613 1868 700 1931 onius
723 1872 754 1931 et
775 1867 903 1933 Ioannis
927 1867 1123 1950 euangelista
1145 1867 1295 1933 meminit
1407 1915 1410 1922 .

325 1962 445 2046 Cyrene
466 1965 500 2028 in
522 1964 637 2029 finibus
659 1968 808 2050 Aegypti,
840 1970 878 2030 ad
909 1989 1003 2050 quem
1023 1967 1130 2032 loeum
1152 1989 1206 2030 rex
1227 1967 1430 2049 Assyriorum
1452 1971 1552 2030 trans·

193 2071 225 2124 10
242 2063 316 2127 tuht
337 2064 557 2130 Damascenos.

325 2163 397 2240 Coa,
420 2186 501 2247 quae
524 2170 571 2228 est
592 2165 680 2228 iuxta
701 2165 893 2249 Aegyptum.

323 2261 520 2339 Carchedon,
550 2269 583 2327 id
611 2275 652 2328 est
683 2270 836 2345 Gurthopo,
868 2266 955 2330 euius
983 2263 1093 2328 Esaias
1124 2269 1155 2329 et
1181 2263 1333 2329 Iezeohiel
1364 2267 1396 2328 in
1427 2265 1550 2329 uisione

241 2361 317 2443 Tyri
338 2366 550 2440 recordantur,
572 2386 629 2446 pro
653 2386 715 2448 qua
736 2365 767 2428 in
791 2363 948 2430 Hebraioo
971 2363 1099 2428 Tharsis
1126 2366 1277 2447 seriptum
1301 2369 1355 2428 est.
1398 2370 1448 2428 sed
1468 2375 1493 2427 et
1517 2369 1550 2428 de

240 2468 293 2526 hoo
316 2469 348 2526 in
370 2468 454 2526 libris
477 2469 688 2528 Hebraieorum
706 2470 916 2546 quaestionum
936 2468 1055 2544 plonius
1077 2469 1220 2527 diximus.

191 2571 223 2622 15
325 2562 445 2638 Coeles,
475 2567 508 2626 id
537 2574 578 2626 est
606 2567 712 2639 uoltis,
743 2563 862 2628 Iosafat
892 2565 974 2627 inter
995 2562 1167 2628 Ierusalem
1198 2568 1228 2626 et
1260 2568 1400 2628 montem
1424 2561 1548 2627 Oliueti.

240 2662 309 2746 lege
332 2663 486 2744 profetam
508 2661 583 2725 Ioel.

322 2763 438 2826 Oedem
467 2762 500 2824 in
531 2760 695 2840 Iezeehiel,
732 2767 817 2845 quod
850 2763 967 2847 Aquila
1004 2768 1034 2827 et
1065 2762 1272 2844 Symmachus
1303 2761 1549 2844 interpretantur

239 2863 399 2926 orientem.

322 2961 430 3027 Cedar.
473 2961 505 3024 in
527 2959 678 3024 Iezeehiel
700 2961 856 3044 principes
880 2961 987 3028 Cedar.
1030 2965 1086 3027 sed
1108 2967 1139 3025 et
1160 2960 1309 3025 Ieremias
1331 2966 1362 3024 et
1384 2961 1493 3025 Esaias
1515 2961 1548 3025 in

191 3063 224 3118 ‘20
243 3062 362 3124 uisione
391 3061 527 3125 Arabiae
550 3060 643 3123 huius
664 3060 812 3125 uocabuli
834 3065 1043 3125 recordantur.
1081 3066 1128 3126 est
1150 3065 1254 3124 autem
1276 3060 1364 3143 regio
1386 3061 1418 3123 in
1444 3082 1547 3125 eremo

241 3160 475 3236 Saracenorum,
499 3183 516 3222 a
538 3159 605 3223 filio
628 3157 769 3224 Ismaelis
793 3160 893 3224 Cedar
914 3162 959 3224 ita
981 3161 1211 3243 cognominata.

324 3309 384 3366 dr.
403 3309 459 3378 vgl.
485 3309 558 3364 Hier.
585 3326 681 3363 eornm.
709 3309 737 3362 in
764 3309 848 3364 Amos
867 3313 895 3374 1,
914 3311 940 3364 2:
970 3310 1109 3363 Carmelus
1136 3309 1238 3363 Graece
1266 3309 1366 3364 dieitur
1391 3311 1420 3364 et
1441 3309 1547 3376 Latine,
1581 3309 1584 3316 ⁴

238 3409 371 3464 Hebraioe
390 3414 482 3466 autern
501 3410 655 3481 appellatur
667 3409 805 3475 Chermal;
824 3413 853 3465 et
869 3414 933 3466 sunt
951 3411 1004 3466 duo
1023 3413 1130 3465 montes
1148 3411 1195 3478 qui
1213 3413 1346 3465 uocantur
1362 3411 1416 3464 hoe
1427 3410 1547 3464 nomine.

238 3512 308 3565 alter·
325 3513 355 3565 in
373 3529 426 3580 quo
444 3512 497 3566 fuit
514 3511 605 3566 Nabal
618 3511 768 3566 Carmelius
787 3552 792 3564 .
812 3552 817 3562 .
838 3511 928 3566 alter
939 3511 1018 3566 iuxta
1030 3511 1248 3567 Ptolemaidem.
1268 3552 1273 3564 .
1293 3511 1546 3576 .mariimminens,

237 3613 265 3666 in
285 3629 339 3681 quo
358 3612 432 3666 Elias
452 3613 585 3683 propheta
603 3613 678 3666 flexis
697 3611 812 3681 genibus
834 3612 942 3683 pluuias
969 3613 1140 3684 impetrauit;
1170 3630 1267 3667 oomm.
1294 3613 1323 3667 in
1341 3613 1390 3668 Jes
1408 3615 1449 3676 29,
1468 3613 1545 3668 17111

237 3715 265 3768 111
284 3717 405 3769 montem
424 3713 588 3776 Carmelum,
616 3713 660 3783 qui
684 3713 818 3768 Hebraioe
836 3713 961 3769 Charmel
988 3715 1101 3778 dialtur;
1129 3718 1157 3768 et
1174 3716 1202 3781 (l.
1221 3715 1272 3784 est)
1298 3715 1328 3768 in
1356 3715 1474 3770 confinio
1492 3715 1545 3768 Pa·

237 3815 370 3869 laestinae
388 3818 472 3884 atque
489 3815 633 3870 Phoenicis
652 3814 817 3869 Ptolemaidi
828 3815 982 3870 imminens.
1017 3816 1083 3870 lieet
1100 3820 1128 3870 et
1146 3816 1216 3870 alius
1234 3857 1241 3870 .
1261 3857 1266 3868 .
1285 3858 1291 3871 .
1311 3832 1389 3869 mons
1407 3815 1546 3869 Carmelus

238 3916 397 3986 appelletur,
416 3917 444 3970 in
464 3935 517 3986 qun
530 3917 584 3970 fuit
595 3916 684 3971 Nabal
697 3916 848 3972 Carmelius
883 3919 901 3973 8
919 3918 973 3971 Joh
987 3919 1026 3980 18.
1041 3921 1053 3970 1
1093 3919 1129 3973 12
1140 3918 1175 3972 il.
1194 3917 1249 3988 vgl.
1262 3917 1335 3972 Hier.
1349 3935 1446 3973 comm.
1459 3918 1487 3971 in
1500 3918 1546 3971 Jes

237 4020 277 4079 23,
297 4022 323 4071 1;
342 4036 391 4088 pro
410 4018 576 4087 Carthagine
595 4019 623 4072 in
641 4018 766 4072 Hebraeo
785 4018 914 4073 scribitur
930 4019 1053 4082 Tharais,
1079 4019 1152 4088 quod
1171 4035 1265 4072 omnes
1283 4018 1410 4073 similiter
1427 4022 1545 4073 transtu·

235 4119 339 4184 lerunt;
359 4137 456 4175 comm.
475 4119 502 4172 in
522 4119 658 4184 1112112
695 4120 765 4175 lar.
783 4120 856 4174 Hier.
876 4123 980 4188 quaest.
999 4121 1027 4174 in
1041 4121 1100 4176 Gen
1113 4123 1137 4174 S.
1152 4125 1192 4184 15,
1204 4120 1266 4175 iffi:
1285 4120 1395 4174 Tharais
1412 4121 1546 4190 Josephus

237 4221 335 4274 Cilicas
354 4220 511 4285 arbitratur,
529 4225 550 4274 θ
568 4219 742 4290 aspirationis
761 4221 870 4276 literam
888 4221 986 4275 uitiosa
1005 4239 1022 4274 a
1039 4222 1154 4292 postoris
1172 4221 1201 4275 in
1213 4221 1271 4274 Tau
1290 4219 1382 4274 dicens
1395 4220 1477 4274 luisse
1490 4239 1546 4275 eor·

236 4325 356 4392 ruptam;
375 4322 447 4376 unde
466 4326 494 4376 et
505 4322 665 4392 metropolis
677 4340 770 4377 eorum
783 4322 881 4376 oiuitas
893 4323 992 4376 Tarsus
1005 4322 1167 4392 appellatur,
1186 4321 1273 4375 Paulo
1287 4323 1411 4391 apostolo
1425 4321 1546 4390 gloriosa

239 4424 276 4477 19
285 4424 319 4478 II.
338 4423 393 4492 vgl.
412 4423 486 4479 Hier.
506 4441 603 4478 comm.
622 4423 814 4485 1111612101
835 4424 922 4477 Cedar
940 4427 1032 4478 autem
1051 4424 1126 4492 regio
1145 4427 1187 4476 est
1204 4423 1361 4478 solltudinis
1380 4426 1407 4477 et
1426 4421 1544 4476 Ismaeli-

235 4527 334 4590 tarum,
353 4543 421 4594 quos
439 4543 512 4579 nuno
530 4527 678 4579 Saracenos
696 4529 809 4588 uocant,
828 4543 925 4580 oomni.
944 4526 973 4578 in
991 4526 1037 4579 Jes
1055 4527 1096 4591 bt),
1115 4525 1167 4583 at:
1187 4525 1330 4579 commin
1350 4523 1447 4587 11121,
1466 4526 1497 4578 21

320 4661 338 4714 l
358 4661 497 4728 quondam
515 4660 655 4714 Carmelus
673 4661 780 4715 ABOII
862 4662 1082 4716 till-omanorum
1104 4660 1127 4715 0
