3752 5542
790 517 980 588 Hieronymus.
1501 527 1539 586 41

166 699 221 754 Ao
318 689 431 753 Aenon
452 690 541 752 iuxta
562 686 670 767 Salim,
691 687 746 752 ubi
766 685 948 771 baptizabat
968 684 1102 764 Ioannis,
1125 688 1207 751 sicut
1227 687 1260 751 in
1274 684 1450 770 Euangelio
1473 689 1543 750 cata

183 793 186 798 '
235 787 386 853 loannem
409 788 561 872 scriptum
583 791 638 852 est.
674 791 706 851 et
724 787 899 851 ostenditur
920 807 1003 850 nunc
1024 807 1124 869 usque
1145 785 1233 850 locus
1254 787 1288 849 in
1310 789 1422 851 octauo
1437 785 1543 868 lapide
1605 803 1607 809 “

238 886 467 971 scythopoleos
489 890 529 951 ad
546 887 713 952 meridiem
734 886 823 950 iuxta
844 885 943 951 Salim
965 890 996 952 et
1017 885 1190 950 Iordanem.

198 1363 221 1417 0
797 1339 846 1405 De
869 1340 990 1404 Genesi.

205 1513 221 1567 5
320 1492 429 1572 Babel,
452 1513 533 1576 quae
554 1497 586 1556 et
605 1491 761 1571 Babylon,
783 1492 1007 1573 interpretatur
1029 1489 1190 1554 confusio:
1219 1492 1285 1552 erat
1306 1493 1410 1551 autem
1433 1487 1546 1552 ciuitas

239 1594 328 1677 regni
348 1591 498 1672 Nemrod‚
528 1591 562 1655 in
592 1613 655 1675 qua
685 1613 792 1656 eorum
823 1591 879 1674 qui
909 1589 1114 1654 aedificauere
1144 1589 1255 1653 turrim
1276 1587 1404 1669 linguae
1426 1587 1546 1650 diuisae

237 1697 317 1771 sunt,
340 1713 474 1775 quorum
494 1692 668 1774 principem
689 1689 811 1754 Iosefus
833 1689 976 1754 Nemrod
997 1689 1094 1754 fuisse
1117 1689 1262 1752 affirmat.
1284 1690 1396 1751 testem
1419 1708 1545 1770 quoque

237 1795 303 1858 eius
333 1792 483 1858 historiae
514 1789 667 1873 Sibyllam
699 1789 849 1855 Graecam
894 1790 1057 1868 exhibens,
1102 1787 1225 1852 ›locus‹
1263 1786 1367 1868 inquit
1400 1787 1449 1851 »in
1480 1807 1543 1869 quo

237 1891 350 1956 turrim
380 1891 638 1965 aedificauerunt,
673 1911 757 1954 nunc
788 1888 964 1972 appellatur
994 1887 1140 1970 Babylon
1169 1889 1298 1969 propter
1328 1885 1545 1950 confusionem

188 2008 221 2062 10
238 1991 391 2056 sermonis
414 2013 522 2055 eorum
544 1990 599 2073 qui
620 1987 806 2053 altissimam
828 1990 940 2053 turrim
963 1989 1049 2054 omni
1071 1987 1174 2053 studio
1197 1985 1205 2068 ll
1226 1986 1474 2050 fabricabantur:
1505 1985 1545 2048 si·
1562 1991 1614 2045 100

238 2091 366 2173 quidem
387 2089 524 2154 Hebraei
546 2089 765 2154 confusionem
785 2087 885 2153 Babel
907 2093 1030 2155 uocant.
1071 2090 1109 2151 de
1130 2088 1190 2151 hac
1211 2086 1289 2150 turri
1312 2090 1343 2151 et
1364 2085 1545 2150 diuersitate

236 2190 416 2274 linguarum
437 2189 548 2254 scribit
570 2193 601 2254 et
622 2187 745 2271 Sibylla
766 2189 799 2252 in
821 2188 904 2252 hunc
925 2191 1065 2252 modum:
1088 2208 1159 2250 curn
1182 2207 1290 2251 omnes
1312 2185 1461 2250 mortales
1482 2208 1546 2248 una

236 2288 347 2374 lingua
369 2293 539 2366 alerentur,
563 2289 693 2373 quidam
713 2310 752 2351 ex
772 2287 821 2352 his
844 2286 1029 2352 altissimam
1052 2283 1257 2350 aedificauere
1280 2286 1403 2363 turrim,
1426 2285 1548 2349 caelum

238 2411 296 2473 per
317 2410 385 2454 eam
408 2389 568 2471 cupientes
589 2391 749 2452 scandere:
771 2387 816 2450 dii
836 2409 911 2452 uero
934 2387 1074 2451 turbines
1094 2389 1270 2468 uentosque
1285 2386 1444 2449 mittentes
1461 2407 1548 2448 euer-

189 2504 222 2558 15
240 2495 305 2554 tere
334 2488 454 2567 turrim,
486 2493 516 2554 et
545 2489 705 2571 propriam
736 2491 831 2569 atque
860 2487 1017 2550 diuersam
1047 2484 1217 2566 unicuique
1238 2485 1376 2548 tribuere
1397 2484 1547 2568 linguam,

239 2591 322 2653 unde
344 2588 454 2653 urbem
476 2609 603 2671 quoque
625 2587 776 2671 appellari
799 2585 933 2669 contigit
953 2584 1184 2666 Babylonema

320 2789 434 2853 Bethel
464 2788 553 2853 uicus
583 2788 617 2851 in
638 2787 823 2852 duodecimo
846 2788 885 2850 ab
908 2785 1000 2851 Aelia
1029 2785 1134 2869 lapide
1156 2787 1196 2848 ad
1218 2787 1377 2847 dexteram
1400 2783 1547 2847 euntibus

238 2887 415 2972 Neapolim,
447 2911 526 2971 quae
556 2887 692 2971 primurn
714 2886 811 2962 Luza,
841 2886 873 2950 id
896 2891 944 2951 est
964 2877 1167 2969 ἀμύγδαλον,
1188 2884 1362 2948 uocabatur
1383 2887 1414 2946 et
1435 2883 1548 2947 cecidit

237 2991 271 3053 in
301 2991 418 3054 sortem
448 2988 549 3052 tribus
570 2987 750 3065 Beniamin,
781 2987 869 3050 iuxta
889 2986 1036 3050 Bethaun
1067 2989 1098 3049 et
1128 2982 1195 3060 (iai,
1226 3004 1322 3065 quam
1355 2982 1548 3066 expugnauit

188 3105 222 3161 ‘20
239 3088 334 3168 lesus,
356 3108 429 3172 rege
450 3087 536 3151 illius
558 3087 734 3151 interfecto.
756 3109 849 3167 porro
865 3089 943 3167 qood
963 3089 1088 3166 quidam
1104 3092 1216 3165 putant
1236 3087 1399 3147 samonam
1420 3104 1549 3145 errorem

244 3193 424 3253 Graecorum
438 3191 634 3250 uoluminum
649 3190 825 3250 Ularromom
839 3189 1006 3266 antiquitus
1020 3193 1233 3264 orrocupalom,
1250 3187 1548 3246 ucbcorcnlarcrrant.

322 4586 449 4642 BSalem
467 4588 493 4640 A
511 4585 591 4655 (crach
608 4585 638 4638 Z.
656 4584 728 4654 1)G
809 4585 838 4639 6.
859 4584 873 4638 7
894 4581 1046 4637 Nembroth
1064 4583 1089 4650 (7
1102 4579 1291 4648 Nemroth)0
1359 4581 1396 4635 14
1415 4579 1549 4635 diuinoO

240 4690 277 4745 lo
295 4687 405 4742 Bethan
422 4686 476 4741 ΒΟ
490 4685 556 4740 decb
574 4687 624 4755 apl.
644 4685 672 4740 S.
689 4688 730 4750 43,
749 4687 773 4742 3.
792 4686 809 4741 6
883 4685 921 4740 21
940 4683 1101 4738 Ulammaus
1119 4682 1162 4737 La
1180 4682 1371 4737 Ulammaulus
1393 4680 1416 4735 0
