3750 5540
757 503 948 573 Hieronymus.
1445 513 1502 572 155

93 679 180 735 ΑΘΗ
193 667 281 732 iuxta
302 672 440 733 montem
462 668 546 750 Sina,
567 670 623 734 ubi
644 669 769 753 Moyses
796 671 920 737 tabulas
941 670 1021 755 legis
1048 670 1177 754 accepit.
1220 674 1377 736 desertum
1400 673 1504 735 autem

194 767 249 832 Sin
271 768 355 832 idem
377 768 454 833 dicit
475 789 543 833 esse
565 769 720 852 scriptura
743 775 827 855 quod
851 777 881 835 et
904 771 1017 847 Cades;
1049 774 1104 835 sed
1134 772 1194 836 hoe
1224 770 1312 835 iuxta
1333 770 1504 850 Hebraeos,

193 871 331 932 ceterum
353 867 386 931 in
409 867 619 952 Septuaginta
639 869 864 954 interpretibus
886 894 950 936 non
972 871 1113 936 habetur.

576 1051 624 1116 De
647 1050 795 1117 Numeris
818 1059 849 1117 et
870 1053 1124 1119 Deuteronomio.

159 1216 175 1266 o
276 1199 433 1265 Selmona.
476 1205 577 1266 eastra
599 1201 737 1267 filiorum
758 1202 855 1268 lsrael
875 1206 909 1268 in
931 1206 1063 1267 deserte.

275 1399 374 1463 Safar.
418 1422 508 1465 mons
532 1397 623 1464 Safar
644 1401 677 1464 in
699 1404 824 1466 deserto
848 1407 949 1466 eastra
970 1402 1109 1467 filiorum
1131 1401 1237 1466 Israel.

274 1597 395 1664 Saltim.
438 1601 492 1664 ubi
522 1600 663 1683 pollutus
695 1606 742 1666 est
771 1602 907 1684 populus
937 1602 970 1665 in
1001 1601 1208 1666 fornicatione
1240 1601 1375 1664 filiarum
1398 1599 1502 1664 Moab.

192 1705 239 1764 est
261 1703 366 1764 autem
388 1699 475 1763 iuxta
491 1705 635 1782 'montem
657 1697 771 1783 Fogor,
802 1702 885 1764 unde
909 1704 940 1764 et
960 1699 1048 1764 Iesus
1072 1701 1283 1784 exploratores
1308 1703 1347 1763 ad
1369 1700 1499 1764 inuesti-

191 1801 327 1882 gandum
350 1803 381 1862 et
402 1803 592 1864 noscendam
614 1799 701 1864 misit
722 1799 851 1865 Iericho.

141 1909 174 1962 10
274 1897 416 1963 Sabama.
448 1899 558 1963 ciuitas
580 1897 676 1964 Moab
697 1901 731 1964 in
746 1904 829 1964 terra
845 1899 972 1978 Galaad
995 1921 1075 1983 quae
1091 1899 1204 1963 cecidit
1221 1899 1254 1962 in
1268 1898 1500 1981 possessionem

190 1997 291 2080 tribus
313 1996 434 2062 Ruben.
475 1997 619 2062 meminit
640 1999 732 2063 huius
756 2005 787 2064 et
807 1997 917 2063 Esaias
939 2000 972 2062 iu
995 1998 1115 2063 uisione
1138 2003 1247 2062 eontra
1269 1997 1371 2062 Moab.

272 2194 385 2260 Seloha
407 2197 517 2260 ciuitas
539 2198 623 2281 regis
645 2195 695 2280 Og
717 2197 749 2260 in
771 2199 900 2281 regione
920 2197 1112 2262 Basanitide.

272 2293 382 2360 Senna.
425 2296 578 2360 terminus
603 2295 743 2362 Iudaeae.
787 2301 817 2361 et
845 2319 947 2381 usque
976 2299 1070 2362 hodie
1100 2297 1276 2362 ostenditur
1304 2298 1337 2360 in
1368 2296 1501 2379 septimo

187 2394 292 2478 lapide
306 2394 446 2460 leriobus
469 2401 578 2461 eontra
593 2396 868 2479 septentrionalem
884 2397 1011 2482 plagam
1027 2397 1104 2460 uilla
1124 2397 1250 2462 nomine
1264 2396 1501 2480 Magdelsenna,

139 2507 171 2560 15
190 2498 275 2578 qaod
295 2496 519 2578 interpretatur
539 2496 635 2561 turris
658 2497 768 2561 Senna.

272 2593 398 2659 Seiama
418 2598 570 2661 terminus
593 2595 725 2661 Iudaeae
749 2600 788 2661 ad
810 2597 885 2661 solis
908 2600 1020 2660 ortum.

272 2691 395 2758 Sadada
418 2696 569 2761 terminus
590 2695 731 2761 Iudaeae.

716 2879 765 2942 De
787 2877 868 2942 libro
890 2877 969 2942 lesu

270 3023 432 3090 Semeron.
468 3030 500 3090 et
520 3027 600 3091 hane
622 3029 705 3111 oepit
727 3028 822 3106 lesus,
844 3047 918 3111 rege
941 3027 1026 3093 illius
1048 3029 1222 3094 interfecto.
1265 3026 1374 3090 dieunt
1393 3029 1498 3089 autem

133 3135 168 3188 ⁴20
187 3145 270 3188 nuno
300 3146 356 3207 pro
389 3147 425 3190 ea
447 3123 600 3190 Sebasten
631 3127 737 3192 uoeari
768 3127 920 3210 oppidum
943 3127 1151 3205 Palaestinae,
1181 3132 1234 3191 abi
1254 3131 1351 3190 saaeta'
1371 3129 1499 3188 Ioaaar's

186 3227 324 3304 baptistae
346 3229 488 3306 reliquiae
509 3231 642 3290 conditae
663 3237 742 3290 saal.
779 3226 914 3310 legimus
937 3226 969 3289 in
985 3225 1167 3309 Regnorum
1189 3226 1278 3291 libris
1301 3227 1386 3309 quod
1408 3224 1499 3288 Amri

184 3345 238 3386 rex
260 3322 357 3387 lsrael
380 3326 490 3390 emerit
511 3330 652 3390 montem
674 3324 824 3389 Semeron
846 3349 864 3390 a
886 3329 1024 3409 quodam
1040 3325 1154 3406 semer,
1177 3331 1208 3389 et
1229 3324 1445 3389 aedifioauerit
1465 3324 1498 3387 in

183 3425 301 3489 uertice
332 3424 399 3490 eius
432 3424 600 3504 ciuitatem,
632 3446 726 3508 quam
758 3448 795 3490 ex
818 3426 944 3489 nomine
967 3425 1086 3490 domini
1108 3424 1316 3508 appellauerit
1338 3423 1497 3490 Semeron.

270 4577 284 4630 7
306 4575 335 4630 in
353 4584 387 4634 <
404 4575 463 4629 ΑΗ
535 4576 572 4631 10
591 4576 670 4646 quae]
690 4579 718 4630 et
736 4593 805 4644 quae
823 4577 848 4627 A
867 4593 937 4644 quae
955 4577 983 4628 et
1006 4575 1028 4629 0
1115 4577 1150 4631 15
1170 4577 1244 4644 quod
1263 4607 1294 4614 —
1314 4577 1404 4630 Senna
1423 4585 1455 4635 <
1472 4575 1499 4630 H

186 4679 223 4733 19
243 4677 370 4733 Semeron
390 4676 448 4730 ΑΗ
462 4677 516 4747 vgl.
534 4677 560 4730 Z.
580 4679 636 4733 22f.
