3750 5540
778 488 967 558 Hieronymus.

117 866 200 922 ΑΘΗ
212 871 221 938 ll
719 856 768 922 De
789 857 1013 922 Pentateucho.
1538 869 1588 921 144

297 1005 346 1072 On
368 1009 443 1071 urbs
473 1007 507 1071 in
528 1007 690 1090 Aegypto,
721 1030 801 1091 qnae
823 1006 1000 1091 Heliopolis
1022 1007 1136 1072 dicitur
1163 1011 1277 1085 Graeca,
1299 1011 1332 1070 id
1352 1016 1395 1070 cet
1414 1010 1521 1068 aalma

214 1113 294 1186 solia,
317 1129 412 1191 quam
434 1106 681 1171 aedifioauernnt
702 1107 760 1170 filii
781 1106 885 1187 lsrael,
908 1109 990 1172 sicut
1005 1106 1212 1190 Septuaginta
1232 1107 1417 1189 interpreter
1439 1104 1521 1168 arbi-

213 1212 343 1273 trantur.
387 1206 527 1292 alioquin
557 1207 592 1270 in
611 1205 776 1274 Hebraicis
802 1207 1017 1273 uoluminibus
1039 1229 1102 1270 non
1122 1207 1263 1270 hahetur.
1307 1210 1339 1270 et
1359 1209 1451 1283 recte,
1482 1203 1522 1267 si·

181 1321 198 1375 b
215 1307 342 1393 quidem
352 1312 521 1390 antequam
537 1305 630 1371 Iacob
646 1307 860 1392 ingrederetur
869 1308 1059 1392 Aegyptum,
1075 1310 1140 1371 erat
1154 1308 1312 1370 exstructa
1325 1311 1388 1369 iam
1403 1303 1523 1382 ciuitas,

217 1429 296 1491 quae
319 1411 350 1470 et
372 1409 565 1471 sacerdotem
587 1407 698 1471 habuit
718 1407 876 1472 Petefrem
898 1412 1019 1490 partem
1041 1408 1194 1470 Asennec.

299 1504 342 1570 Or
371 1527 462 1569 mons
492 1507 526 1570 in
548 1528 611 1590 quo
634 1512 776 1573 mortuus
799 1513 847 1572 est
868 1509 984 1586 Aaron,
1014 1507 1102 1570 iuxta
1123 1505 1283 1570 ciuitatem
1305 1505 1438 1584 Petram,
1468 1505 1523 1569 ubi

216 1626 316 1688 usque
338 1606 377 1667 ad
399 1609 592 1687 praesentem
615 1607 696 1670 diem
719 1607 895 1670 ostenditur
915 1628 1008 1688 rupes
1031 1627 1092 1688 qua
1113 1626 1261 1687 percussa
1277 1603 1404 1687 Moyses
1426 1625 1523 1687 aquas

216 1703 335 1787 populo
358 1705 451 1768 dedit.

166 1807 200 1862 10
300 1802 404 1868 Oboth
424 1803 458 1867 in
481 1806 603 1868 deserto
626 1809 728 1868 eastra
750 1803 888 1868 filiorum
910 1804 1015 1869 lsrael.

610 1986 658 2051 De
680 1984 751 2052 Iesu
774 1991 805 2051 ct
826 1985 1010 2070 Regnorum
1027 1985 1124 2053 libris.

301 2133 364 2200 Osa
386 2135 418 2199 in
439 2135 525 2199 tribu
546 2136 634 2202 Aser.

301 2233 395 2299 Oram
416 2235 450 2298 in
472 2236 556 2300 tribu
578 2234 762 2301 Nefthalim.

302 2332 369 2398 Ofir
397 2337 487 2414 unde,
518 2336 600 2401 sicut
628 2335 660 2399 in
692 2334 874 2420 Regnorum
904 2335 993 2401 libris
1024 2335 1167 2420 legimus,
1197 2357 1308 2400 aarum
1338 2333 1526 2399 afferebatur

167 2437 201 2492 15
219 2432 388 2497 Salomoni.
424 2433 485 2497 fuit
506 2437 610 2499 autem
632 2458 713 2500 unus
735 2438 773 2499 de
787 2436 921 2518 posteris
935 2435 1021 2501 Eber
1035 2437 1161 2500 nomine
1176 2433 1249 2514 Ofir,
1272 2457 1310 2500 ex
1325 2435 1414 2499 cuius
1429 2433 1526 2516 stirpe

129 2609 131 2616 y
219 2532 380 2597 uenientes
403 2555 421 2595 a
441 2531 540 2597 fluuio
564 2532 682 2600 Colere
704 2557 804 2618 usque
827 2538 866 2598 ad
888 2537 1050 2619 regionem
1070 2535 1177 2600 Indiae
1199 2556 1279 2617 quae
1300 2538 1432 2600 uocatur
1446 2531 1527 2598 laria

219 2632 377 2696 habitasse
399 2631 495 2696 refert
509 2632 638 2712 losefus‚
660 2656 678 2695 a
700 2656 763 2717 quo
785 2640 862 2717 puto
886 2641 917 2698 et
939 2636 1099 2719 regionem
1113 2633 1304 2699 uocabulum
1319 2637 1527 2698 consecutam.

305 2831 354 2897 On
376 2831 487 2898 ciuitas
509 2833 675 2911 Samariae,
697 2857 754 2916 pro
777 2857 840 2918 qua
861 2835 893 2899 in
916 2835 1073 2900 Hebraico
1096 2835 1248 2917 scriptum
1270 2841 1317 2900 est
1337 2834 1420 2914 Aua,
1443 2836 1529 2918 quod

221 2932 339 3016 Aquila
361 2937 393 2997 et
414 2931 621 3015 Symmachus
643 2933 889 3016 interpretantur
910 2935 1030 3013 inutile,
1053 2933 1253 2999 Theodotion
1273 2935 1482 3018 iniquitatem.

171 3033 205 3087 20
307 3031 394 3095 Ocho
417 3032 528 3097 ciuitas
551 3031 761 3098 sacerdotalis.

306 3131 455 3196 Oronaim
477 3134 552 3196 urbs
575 3129 795 3210 Moabitarum,
818 3134 899 3197 siout
920 3134 953 3197 in
975 3131 1107 3197 leremia
1128 3135 1281 3216 scriptum
1303 3139 1358 3200 est.

309 3391 326 3442 a)
346 3388 448 3442 Graece
467 3387 566 3441 dicitur
584 3388 657 3457 affl)
750 3387 914 3444 bPetefren
933 3389 964 3442 H
1045 3389 1082 3443 lo
1100 3388 1194 3444 Hiaria
1212 3389 1295 3444 soff
1386 3390 1425 3444 20
1445 3389 1461 3441 l.
1481 3389 1532 3442 Olo

225 3487 262 3542 21
283 3487 411 3541 Oranaim
429 3489 489 3542 ΑΗ
501 3488 614 3543 Ornaim
636 3490 659 3543 Ο
