3780 5536
794 484 982 554 Hieronymus.
1505 492 1545 554 75

138 665 225 721 ΑΘΗ
321 651 429 718 Gebin.
463 654 607 718 meminit
626 653 720 717 huius
742 652 861 718 Esaias.
891 655 923 716 et
945 654 991 716 est
1012 651 1090 716 uilla
1113 651 1199 716 Geba
1219 651 1253 716 in
1277 651 1388 736 quinto
1410 650 1544 717 miliario

237 773 256 814 a
278 751 390 818 (iufnis
412 753 559 818 euntibus
580 750 757 835 Neapolim.

322 851 428 916 Gozan
456 851 489 916 in
520 853 648 937 regione
673 851 798 916 Emath.
841 855 872 915 et
899 852 993 916 huius
1027 850 1171 916 meminit
1197 850 1316 917 Esaias.
1359 855 1406 916 est
1440 855 1546 916 autem

234 951 266 1014 in
288 950 405 1015 finibus
426 950 584 1017 Damasei.

200 1071 216 1124 5
319 1049 420 1115 (iareb
442 1050 533 1116 collis
554 1052 642 1116 iuxta
663 1049 841 1130 Ierusalem,
863 1050 946 1116 sieut
964 1052 1074 1116 soribit
1095 1049 1254 1115 Ieremias.

318 1149 465 1230 Gebarth‚
487 1171 545 1234 pro
567 1172 631 1235 quo
646 1150 765 1234 Aquila
786 1151 1010 1234 interpretatur
1024 1151 1057 1214 in
1073 1151 1229 1234 saepibus,
1246 1149 1454 1233 Symmachus
1468 1171 1543 1214 uero

234 1249 267 1314 in
289 1249 434 1315 ooloniis:
456 1250 527 1334 lege
548 1250 723 1316 Ieremiam.

319 1347 396 1414 Gefa
417 1371 533 1415 nomen
554 1350 699 1434 regionis,
721 1355 758 1414 ut
779 1350 813 1414 in
834 1347 931 1413 Esaia
952 1349 1104 1432 seriptum
1127 1353 1181 1413 est.

319 1447 437 1513 Gemen
458 1449 527 1514 siue
550 1447 671 1515 Gamon
691 1450 779 1534 regio
804 1448 1015 1514 Moabitarum
1036 1450 1125 1514 iuxta
1145 1448 1279 1513 Esaiam.

186 1640 218 1695 10
761 1631 808 1696 De
828 1630 1021 1715 Euangeliis.
1109 1600 1112 1608 Ι

319 1781 442 1847 Gadara
463 1783 538 1847 urbs
559 1785 646 1846 trans
668 1781 832 1847 Iordanem
855 1785 963 1847 eontra
985 1779 1213 1864 Scythopolim'
1228 1786 1259 1847 et
1284 1781 1484 1847 Tiberiadem
1506 1787 1545 1848 ad

235 1881 418 1946 orientalem
438 1880 567 1966 plagam
589 1882 650 1946 sita
670 1883 704 1946 in
725 1886 841 1962 monte,
863 1886 904 1946 ad
925 1882 1014 1946 ouius
1034 1879 1156 1947 radioes
1178 1903 1278 1966 aquae
1301 1882 1421 1948 calidae
1448 1905 1545 1949 erum-

234 1986 322 2064 punt,
344 1979 466 2046 balneis
488 1984 622 2065 desuper
642 1981 823 2047 aedificatis.

321 2078 459 2164 Gergesa
488 2081 545 2145 ubi
574 2102 628 2146 eos
657 2081 713 2166 qui
742 2105 761 2146 a
791 2081 996 2146 daemonibus
1026 2081 1221 2146 uexabantur
1251 2080 1391 2146 saluatur
1407 2082 1546 2149 restituit

187 2197 219 2250 15
237 2179 373 2245 sanitati.
416 2184 447 2244 et
475 2181 632 2265 hodieque
663 2204 757 2265 super
787 2185 928 2247 montem
958 2179 1083 2246 uioulus
1114 2183 1348 2245 demonstratur
1374 2181 1463 2246 iuxta
1484 2187 1546 2248 sta·

237 2297 334 2362 gnum
365 2277 549 2360 Tiberiadis,
583 2281 617 2344 in
646 2283 732 2365 quod
762 2281 850 2364 porei
880 2279 1077 2364 praecipitati
1112 2284 1193 2345 sunt
1245 2279 1381 2344 diximus
1418 2283 1456 2346 de
1486 2282 1546 2348 hoo

236 2382 268 2442 et
289 2399 392 2461 supra

318 2477 520 2544 Gethsemani
549 2479 638 2545 loeus
667 2480 724 2544 ubi
753 2485 825 2543 ante
854 2478 1033 2562 passionem
1055 2477 1196 2542 saluator
1217 2478 1327 2544 orauit.
1370 2484 1544 2545 astantem

235 2579 274 2640 ad
295 2580 416 2644 radices
437 2579 553 2644 montis
576 2576 694 2643 Oliueti
715 2599 799 2643 nune
819 2583 936 2642 eeclesia
957 2583 1080 2660 desuper
1101 2583 1263 2659 aedificato.

185 2792 219 2847 20
321 2776 479 2862 Golgotha
499 2775 588 2843 loeus
611 2776 781 2854 causaue,
811 2776 844 2840 in
866 2797 929 2859 quo
952 2777 1089 2842 saluator
1108 2799 1165 2861 pro
1188 2776 1290 2842 salute
1312 2778 1453 2843 omnium
1475 2801 1544 2844 eru-

236 2875 347 2940 oifixus
370 2881 425 2942 est.
454 2881 485 2942 et
505 2897 605 2960 usque
619 2877 713 2942 hodie
729 2874 904 2941 ostenditur
916 2878 950 2942 in
965 2876 1058 2940 Aelia
1072 2878 1112 2940 ad
1127 2875 1402 2960 septentrionalem
1417 2877 1543 2964 plagam

234 2975 351 3041 montis
379 2975 463 3042 Sion.

233 3281 243 3366 ly
718 3276 768 3341 De
789 3277 872 3343 libro
895 3275 1060 3342 Geneseos.
1562 3287 1611 3339 114

288 3424 435 3591 alifem
456 3427 532 3491 urbs
546 3396 751 3510 Assyriorum
765 3426 890 3507 nobilis,
911 3448 1006 3510 quam
1022 3427 1175 3492 exstruxit
1188 3427 1289 3492 Assur
1303 3427 1385 3492 inter
1399 3425 1546 3494 Nineuen

184 3540 217 3594 25
236 3530 267 3590 et
313 3527 334 3590 h
369 3526 435 3591 seh.
603 3525 605 3528 ’

317 4549 369 4604 ol.
389 4548 530 4606 Gebaroth
577 4549 717 4606 teotonis
739 4550 793 4606 GH
839 4551 983 4607 adaman
1005 4551 1059 4607 OH
1097 4551 1262 4622 {GamelO
1306 4551 1344 4608 14
1364 4551 1498 4623 Gergessa
1514 4552 1541 4605 A

234 4650 338 4721 Gurges
356 4650 389 4705 Η
