3752 5542
770 493 960 562 Hieronymus.
1477 503 1515 562 19

112 667 197 724 ΑΘΗ
211 681 274 744 que
294 659 451 727 uocabulo
472 660 561 724 iuxta
581 665 721 725 montem
742 661 849 745 Fogor
869 684 983 727 nomen
1005 662 1173 745 pristinum
1194 662 1388 739 retinentem,
1411 685 1430 726 a
1452 683 1515 746 quo

212 760 295 826 eirea
316 782 387 825 eum
409 761 497 842 regio
518 782 618 843 usque
639 782 724 825 nuno
745 760 922 844 appellatur
943 759 1053 846 Fasga

289 959 467 1039 Auothiair,
497 961 584 1042 quod
613 958 836 1042 interpretatur
865 952 1020 1037 ἐπαύλεις
1040 950 1125 1044 Ἷαὶρ.
1169 960 1247 1026 haee
1269 965 1316 1025 est
1337 960 1451 1037 Basan,
1481 961 1514 1025 iu

208 1081 271 1144 qua
303 1064 375 1125 suut
405 1059 469 1123 uici
499 1059 662 1142 sexaginta
691 1060 725 1123 in
754 1058 1011 1139 monteaureo,
1042 1061 1096 1144 qui
1127 1061 1306 1126 oeciderunt
1335 1059 1369 1125 in
1399 1065 1516 1125 sortem

173 1168 190 1220 5
208 1159 355 1224 dimidiae
375 1161 476 1224 tribus
491 1157 644 1238 Manasse,
666 1159 721 1242 qui
742 1158 831 1224 loeus
846 1180 930 1223 nune
943 1163 1076 1225 uocatur
1089 1159 1190 1225 Golan
1205 1160 1238 1223 in
1252 1165 1336 1224 terra
1349 1159 1516 1225 Batanaea.

735 1430 783 1495 De
804 1430 885 1496 libro
907 1429 986 1496 lesu.

291 1581 503 1647 Antilibanus.
546 1603 582 1645 ea
614 1603 694 1667 quae
724 1585 798 1646 sunt
827 1603 922 1666 supra
943 1581 1098 1647 libanum
1121 1586 1160 1647 ad
1182 1583 1365 1648 orientalem
1386 1582 1512 1666 plagam

207 1681 415 1764 respicientia,
436 1681 639 1746 Antilibanus
661 1679 861 1763 appellantur
881 1682 964 1747 eirea
979 1683 1139 1767 regionem
1153 1683 1241 1747 urbis
1255 1682 1411 1762 Damasei,
1434 1704 1514 1766 quae

207 1781 321 1847 oeoidit
341 1783 375 1846 in
396 1786 512 1846 sortem
532 1781 634 1846 tribus
656 1780 808 1846 Manasse.

158 1891 190 1946 10
290 1881 394 1946 Azeoa
416 1881 527 1945 ciuitas
549 1880 808 1946 chananaeorum
828 1883 863 1945 in
883 1885 972 1963 parte
994 1881 1094 1946 tribus
1109 1879 1213 1960 ludae,
1235 1883 1275 1944 ad
1297 1903 1392 1964 quam
1413 1905 1513 1968 usque

207 1984 389 2065 persecutus
422 1983 469 2044 est
488 1980 577 2045 Iesus
608 1980 748 2063 quinque
777 1999 875 2063 reges.
919 1982 974 2045 sed
995 1985 1027 2044 et
1043 1980 1137 2045 hodie
1157 1985 1290 2045 uooatur
1312 1980 1515 2046 uillaAzeoa

204 2082 287 2146 inter
307 2078 579 2162 Eleutheropolim
601 2084 633 2144 et
652 2078 786 2144 Aeliam.

286 2179 403 2244 Aialon
433 2177 526 2242 uallis
548 2182 643 2263 atque
665 2183 877 2262 praeruptum,
907 2201 1000 2260 super
1022 2181 1106 2262 quod
1129 2183 1238 2243 orante
1260 2182 1419 2263 quondam
1441 2179 1512 2245 Iesu

205 2280 281 2344 luna
302 2279 389 2344 stetit
402 2279 490 2342 iuxta
511 2278 621 2342 uillam
643 2301 723 2362 quae
744 2301 844 2362 usque
866 2299 950 2344 nune
964 2278 1078 2342 Aialon
1093 2279 1215 2357 dieitur,
1237 2283 1347 2343 eontra
1361 2280 1512 2344 orientem

157 2389 189 2443 lo
206 2379 356 2456 Bethelis,
377 2378 478 2443 tribus
501 2377 540 2441 ab
563 2401 600 2441 ea
620 2379 749 2443 milibus
779 2379 907 2456 distans,
936 2378 1020 2440 haud
1049 2376 1161 2460 prooul
1183 2400 1201 2442 a
1224 2377 1332 2443 (labae
1353 2383 1385 2443 et
1405 2378 1514 2458 Rama,

208 2476 311 2543 Saulis
340 2476 480 2542 urbibus.
516 2500 608 2558 porro
630 2482 755 2542 Hebraei
783 2483 941 2558 affirmant
963 2481 1074 2541 Aiolou
1103 2483 1206 2541 artum
1232 2500 1294 2541 esee
1314 2482 1402 2542 iuxta
1422 2484 1512 2544 Nico-

203 2583 299 2660 polim
319 2583 354 2642 in
375 2582 501 2641 armando
524 2582 619 2658 lapide
636 2582 823 2658 prementibus
843 2582 967 2641 Aeliam.

289 2678 405 2741 thor.
450 2675 605 2740 Hebraico
628 2677 743 2741 dieitur
763 2676 965 2756 Emeoaohor,
997 2681 1083 2761 quod
1103 2678 1327 2758 interpretatur
1347 2677 1440 2742 uallis
1462 2682 1512 2743 tu-

209 2775 325 2839 multus
357 2775 425 2840 siue
455 2777 632 2854 turbarum,
662 2797 698 2840 eo
721 2780 807 2860 quod
827 2777 873 2842 ibi
893 2777 1104 2843 tumultuatus
1126 2781 1157 2842 et
1178 2778 1322 2841 turbatus
1345 2777 1387 2841 eit
1406 2777 1511 2843 lsrael.

156 2886 190 2941 20
207 2876 241 2938 in
270 2896 333 2959 qua
353 2874 573 2958 lapidauerunt
602 2877 761 2958 quondam
783 2876 895 2941 than
916 2881 1045 2960 propter
1065 2877 1185 2942 furtum
1207 2878 1422 2942 anathematio.
1465 2883 1513 2943 est

207 2977 312 3038 autem
333 2977 372 3038 ed
394 2973 638 3056 septentrionem
654 2973 665 3058 ΙΙ
680 2974 818 3040 leriohus
841 2980 873 3040 et
892 2998 992 3061 usque
1004 2978 1098 3041 hodie
1113 3001 1131 3040 a
1145 2977 1282 3060 regionis
1296 2976 1382 3040 illius
1395 2978 1511 3043 aooolis
1528 2987 1564 3044 90

206 3075 252 3138 sio
273 3078 412 3139 uocatur.
454 3073 598 3138 meminit
618 3073 712 3139 huius
734 3073 813 3140 Osee
834 3077 965 3160 profeta.

288 3174 440 3239 Asedoth.
483 3173 545 3238 alia
566 3175 644 3239 haee
667 3174 787 3254 ciuitas,
814 3199 876 3240 ooo
898 3199 971 3258 quae
992 3201 1093 3257 sopra,
1116 3181 1179 3240 lieet
1199 3182 1298 3242 eodem
1318 3186 1438 3241 uocetur
1457 3199 1512 3241 no·

205 3276 295 3352 mireo,
318 3293 413 3356 quam
435 3272 629 3356 expugnauit
650 3277 810 3358 quondam
831 3274 927 3354 lesus,
950 3293 1023 3357 rege
1044 3273 1131 3341 illius
1152 3276 1326 3342 interfecte.

292 4287 372 4343 1sr.
391 4286 448 4358 vgl.
465 4286 539 4342 Hier.
558 4304 600 4358 ep.
620 4289 677 4354 108,
694 4289 711 4342 8
816 4289 897 4346 1811.
915 4287 970 4358 vgl.
988 4287 1061 4343 Hier.
1080 4305 1121 4358 op.
1140 4287 1260 4356 108,13:
1279 4286 1393 4358 longum
1420 4291 1468 4355 est,
1487 4288 1510 4342 si

204 4388 288 4444 uelim
306 4389 340 4443 de
357 4387 431 4444 ualle
449 4389 541 4443 thor
559 4389 661 4456 dicere,
688 4390 717 4444 id
744 4393 786 4446 eat
803 4391 939 4446 tumultus
958 4391 1041 4458 atque
1059 4389 1210 4454 turbarum,
1236 4387 1266 4442 in
1288 4407 1343 4458 qua
1360 4389 1464 4444 furtum
1482 4392 1511 4444 et

204 4489 322 4546 auaritia
339 4489 524 4545 condemnata
541 4493 584 4545 est
655 4493 695 4549 22
715 4493 771 4547 Hos
790 4495 873 4561 2,15.

287 4673 424 4733 5Golam
442 4674 542 4744 (B00rr)
568 4677 608 4731 Va
678 4677 728 4732 14.
748 4678 784 4733 16
802 4676 948 4732 Aialqu
1016 4676 1054 4732 lo
1073 4676 1110 4745 et]
1131 4673 1219 4729 velt]
1292 4759 1305 4789 ὴ

1269 4762 1285 4815 2
