3752 5542
767 488 957 557 Hieronymus.
1498 496 1517 557 9

141 664 196 721 AO
209 654 358 720 mitorum
388 659 546 740 quondam
577 659 665 725 natio
695 658 768 739 fuit,
800 662 851 724 oui
871 657 1040 742 imperauit
1059 655 1338 740 Ohodollagomor‚
1374 655 1463 720 ouius
1485 657 1518 720 in

211 754 346 821 Actibus
377 777 504 841 quoque
535 758 749 841 apostolorum
779 759 817 824 fit
845 757 973 824 mentio.
1016 761 1048 822 et
1072 757 1106 822 in
1127 755 1311 840 Regnorum
1332 754 1421 821 libris
1442 757 1518 820 urbs

213 857 367 939 quaedam
388 854 586 922 Palaestinae
607 857 720 923 Aelam
742 857 897 924 scribitur.

293 953 417 1019 Adama
437 977 501 1019 una
522 957 561 1021 de
582 956 722 1041 quinque
744 956 926 1022 ciuitatibus
948 955 1166 1034 Sodomorum,
1189 978 1298 1021 euersa
1313 977 1384 1019 oum
1399 955 1519 1020 ueteris

178 1159 195 1215 5
294 1151 304 1238 ll
325 1153 581 1219 Asasonthamar.
623 1155 657 1220 in
677 1156 737 1222 hao
751 1155 936 1222 habitabant
958 1157 1117 1240 quondam
1138 1154 1303 1220 Amorraei
1324 1174 1404 1238 quos
1425 1154 1520 1218 inter-
1536 1165 1570 1222 85

211 1253 288 1319 feeit
311 1252 586 1338 Ohodollagomor,
606 1255 695 1320 iuxta
716 1278 855 1320 eremum
877 1253 984 1320 Gades.
1027 1259 1074 1318 est
1095 1257 1126 1318 et
1147 1253 1233 1318 aliud
1255 1251 1420 1320 oastollum
1439 1251 1520 1317 Tha·

211 1374 306 1433 mara,
327 1352 421 1418 unius
444 1353 507 1418 diei
527 1354 639 1420 itinere
653 1377 672 1418 a
685 1355 838 1439 Mampsis
857 1353 973 1438 oppido
988 1357 1177 1438 separatum,
1196 1351 1399 1437 pergentibus
1413 1351 1520 1417 Ailam

214 1455 253 1518 de
276 1451 430 1534 Chebron,
452 1452 508 1518 ubi
528 1476 613 1520 nuno
635 1454 813 1520 Romanum
835 1453 1027 1538 praesidium
1047 1451 1186 1535 positum
1208 1457 1263 1516 est.

295 1550 387 1617 Allus
409 1553 496 1636 regio
518 1551 740 1618 ldumaeorum
763 1575 842 1638 quae
864 1575 948 1618 nuno
968 1551 1125 1618 (lebalene
1148 1551 1270 1632 dloitur,
1291 1550 1396 1617 uioina
1410 1550 1520 1615 Petrae

162 1656 195 1712 10
213 1649 344 1716 ciuitati.

295 1752 419 1816 Aenam
440 1751 587 1817 euntibus
602 1750 778 1816 Thamnam
801 1773 884 1816 uuuo
905 1753 1047 1816 desertus
1067 1749 1157 1817 loous
1179 1754 1210 1815 et
1231 1750 1392 1834 proximus
1407 1747 1522 1813 Tham-

212 1871 270 1915 nae
299 1850 370 1915 uioo
403 1850 523 1934 grandi,
554 1850 610 1935 qui
631 1850 710 1916 situs
732 1854 781 1915 eat
801 1850 883 1916 inter
905 1849 1028 1915 Aeliam
1050 1853 1082 1915 et
1103 1849 1289 1933 Diospolim.
1332 1853 1380 1914 est
1398 1851 1429 1913 et
1449 1849 1521 1913 fons

211 1947 245 2011 in
266 1949 447 2032 supradioto
469 1950 560 2016 Aeno
580 1949 667 2016 looor
688 1951 772 2014 unde
794 1953 826 2015 et
846 1951 978 2028 Aeuom,
999 1948 1032 2013 id
1054 1952 1102 2014 est
1122 1948 1227 2028 fontis,
1249 1971 1364 2014 nomeu
1386 1947 1520 2032 aceepit:

211 2047 245 2110 in
267 2068 331 2131 quo
361 2053 448 2116 stans
467 2048 590 2116 idolum
611 2049 749 2114 maxima
769 2047 856 2114 illius
882 2048 1020 2132 regionis
1042 2047 1244 2112 ueneratione
1266 2047 1388 2113 oolitur.
1425 2070 1519 2130 porro

163 2159 195 2214 15
212 2151 337 2212 Hebraei
357 2153 523 2230 affirmant,
545 2155 661 2213 Aenum
681 2171 745 2212 nora
766 2153 863 2213 looum
883 2152 1064 2230 ripoillcaro,
1083 2151 1134 2212 aad
1154 2151 1281 2228 Maium,
1301 2153 1354 2213 obi
1374 2157 1448 2214 corto
1468 2151 1518 2210 in·

213 2251 291 2312 tuito
312 2254 516 2314 neomeariam
533 2253 632 2313 ailad
651 2271 749 2313 onam
769 2271 784 2312 a
804 2251 920 2313 duobus
939 2251 1004 2312 aiis
1024 2251 1196 2328 elipandum.

293 2347 452 2412 Areaatad
472 2348 562 2414 loeus
584 2352 670 2412 trans
692 2345 866 2428 Iordanem,
887 2347 921 2410 in
943 2368 1006 2431 quo
1028 2345 1217 2429 planxerunt
1238 2349 1399 2431 quondam
1422 2343 1518 2410 Iacob

210 2445 304 2511 tertio
326 2447 366 2511 ab
388 2446 510 2512 Iericho
531 2445 644 2530 lapide,
675 2448 797 2513 duobus
820 2445 948 2512 milibus
970 2445 1009 2510 ab
1031 2444 1177 2526 Iordane,
1208 2446 1263 2531 qui
1284 2466 1369 2510 nuno
1389 2447 1522 2509 uocatur

211 2541 376 2629 Bethagla‚
399 2550 484 2630 quod
504 2545 730 2630 interpretatur
749 2547 838 2613 loous
860 2544 939 2630 gyri,
961 2566 998 2610 eo
1021 2546 1173 2630 quodibi
1195 2566 1282 2611 more
1303 2542 1521 2627 plangentium

161 2651 196 2708 20
213 2645 404 2711 oirouierunt
424 2647 457 2712 in
479 2646 590 2712 funere
612 2645 714 2712 Iacob.

777 2825 826 2892 De
847 2825 967 2892 Exodo.

298 2958 404 3025 Aelim
414 2965 516 3025 castra
526 2960 664 3027 liliorum
673 2961 772 3026 Israel
786 2961 914 3027 etloous
923 2959 957 3025 in
967 2962 1105 3040 deserto,
1121 2961 1155 3024 in
1164 2981 1229 3044 quo
1240 2958 1405 3026 duodeoim
1413 2957 1522 3023 fontes

219 3062 250 3124 et
272 3059 472 3145 septuaginta
490 3061 667 3145 palmarum
687 3062 813 3126 arbores
826 3062 952 3144 Moyses
975 3061 1014 3124 de
1035 3057 1115 3123 mari
1137 3060 1233 3124 rubro
1251 3058 1357 3124 exiens
1375 3057 1521 3143 repperit.

299 4380 317 4435 2
336 4379 391 4434 Aot
408 4379 432 4446 2,
451 4381 467 4435 9

301 4562 390 4632 loni]
419 4563 468 4632 qui
493 4562 519 4616 A
546 4562 682 4632 quemO
751 4561 992 4632 equoqu0<o
1060 4561 1096 4617 ll
1116 4561 1213 4616 Aenan
1238 4561 1278 4614 Va
1348 4560 1523 4619 1o.1oae-

214 4680 270 4718 nan
290 4661 334 4718 La
405 4664 441 4720 17
464 4664 702 4734 AreutatAlol
773 4665 811 4721 19
830 4663 929 4719 domus
946 4663 1008 4734 gyri
1026 4662 1067 4718 Vo

1083 5211 1312 5491 N...
