3752 5542
311 1148 345 1202 21
446 1114 607 1204 Εύσεβίου
632 1126 696 1191 τοῦ
717 1126 900 1209 Παμφίλου
926 1115 1113 1192 ἐπισκόπου
1136 1127 1334 1210 Καισαρείας
1361 1128 1422 1212 τῆς
1443 1130 1669 1213 Παλαιστίνης
1686 1143 1738 1198 207

363 1224 439 1306 περὶ
462 1225 536 1289 τῶν
558 1227 714 1291 τοπικῶν
738 1215 923 1310 ὀνομάτων
944 1227 1018 1290 τῶν
1039 1224 1077 1291 έν
1099 1227 1142 1310 τῇ
1165 1229 1242 1312 θείᾳ
1264 1229 1385 1310 γραφῇ.

439 1361 564 1458 Ὥσπερ
592 1373 629 1441 έν
656 1377 827 1460 προοιμίῳ
856 1377 917 1460 τῆς
942 1367 1009 1441 ὑπὸ
1037 1377 1099 1442 σοῦ
1122 1379 1347 1461 προτεθείσης
1368 1369 1583 1456 ὑποθέσεως,
1606 1377 1671 1460 ίερὲ

364 1473 427 1539 τού
453 1475 537 1540 θεοῦ
562 1466 728 1556 ἄνθρωπε
755 1477 916 1553 Παυλινε,
943 1473 981 1540 έν
1007 1477 1059 1559 τῷ
1085 1468 1153 1556 πρὸ
1181 1469 1309 1541 τούτου
1335 1471 1397 1554 τὰς
1424 1477 1671 1561 ἐπηγγελμένας

330 1563 544 1649 σύποθέσεις
566 1563 730 1653 ἀποδούς,
757 1577 814 1638 καὶ
835 1576 958 1657 πρῶτα
979 1574 1042 1657 μέν
1062 1575 1137 1640 τῶν
1158 1565 1224 1641 άνά
1246 1569 1310 1660 τῆν
1334 1574 1534 1660 οἰκουμένην
1555 1577 1671 1644 ἐθνῶν

364 1669 420 1736 έπί
442 1665 506 1756 τῆν
526 1663 668 1739 Ἐλλάδα
696 1670 817 1757 φωνὴν
843 1669 1045 1755 μεταβαλὼν
1071 1667 1132 1750 τάς
1158 1673 1195 1740 έν
1217 1676 1259 1758 τῇ
1282 1678 1360 1762 θείᾳ
1384 1679 1496 1760 γραφῇ
1519 1677 1671 1760 κειμένας

362 1760 524 1852 Ἑβραίοις
550 1761 692 1856 όνόμασι
712 1765 923 1857 προσρῆσεις,
947 1769 1063 1838 ἔπειτα
1085 1775 1146 1857 τῆς
1167 1766 1273 1840 πάλαι
1294 1766 1451 1853 Ἰουδαίας
1473 1767 1541 1842 άπὸ
1562 1766 1672 1859 πάσης

363 1872 480 1950 βίβλου
500 1865 725 1955 καταγραφὴν
745 1873 983 1957 πεποιημένος,
1005 1873 1061 1937 καί
1083 1866 1145 1950 τὰς
1159 1872 1197 1940 έν
1212 1865 1298 1956 αύτῆ
1313 1876 1387 1942 τῶν
1403 1871 1534 1941 δώδεκα
1550 1877 1672 1958 φυλῶν

365 1971 505 2052 διαιρῶν
526 1971 768 2056 κληρου<χία>ς,
791 1972 846 2035 καὶ
862 1970 916 2038 έπὶ
932 1964 1069 2049 τούτοις
1086 1963 1134 2049 οίς
1156 1970 1193 2038 έν
1213 1975 1346 2057 γραφῆς
1368 1967 1466 2059 τύπῳ
1489 1975 1550 2059 τῆς
1566 1966 1671 2041 πάλαι

314 2078 347 2133 10
365 2060 550 2152 διαβοήτου
570 2062 817 2154 μητροπόλεως
839 2063 964 2150 αύτῶν,
987 2072 1077 2154 λέγω
1100 2065 1141 2155 δὴ
1164 2065 1229 2156 τῆν
1242 2062 1466 2158 Ἰερουσαλήμ,
1489 2076 1553 2141 τοῦ
1574 2098 1613 2140 τε
1635 2072 1672 2140 έν

365 2159 451 2250 αύτῇ
482 2164 574 2250 ἱεροῦ
600 2163 665 2253 τῆν
693 2161 807 2236 είκόνα
834 2163 1033 2254 διαχαράξας
1058 2164 1142 2255 μετά
1170 2173 1392 2251 παραθέσεως
1418 2175 1492 2240 τῶν
1518 2175 1564 2251 εἰς
1592 2169 1672 2252 τοὺς

365 2258 495 2344 τόπους
521 2259 793 2353 ύπομνημάτων,
823 2265 897 2354 ἑξῆς
923 2268 961 2336 έν
990 2264 1106 2354 τούτῳ
1135 2273 1191 2336 καὶ
1222 2263 1425 2351 ἀκολούθως
1455 2272 1595 2353 ἐκείνοις
1625 2267 1673 2351 σός

366 2358 408 2431 άν
435 2368 482 2444 είς
502 2361 544 2433 τὸ
565 2360 729 2452 χρήσιμον
751 2370 812 2454 τῆς
834 2357 915 2453 όλης
936 2359 1135 2448 ὑποθέσεως
1156 2373 1501 2457 προηυτρεπισμένοις
1522 2368 1588 2458 τὴν
1610 2368 1673 2458 σῆν

365 2459 565 2547 έπισυνάφω
591 2459 768 2552 πρόθεσιν,
795 2470 869 2533 τῶν
891 2468 946 2535 έπὶ
963 2470 1024 2560 τῆς
1043 2473 1141 2547 Ιθείας
1163 2473 1363 2556 φερομένων
1384 2474 1517 2557 γραφῆς
1538 2473 1673 2558 πατρίῳ

315 2576 347 2629 15
364 2560 503 2649 γλώττῃ
530 2557 671 2633 πόλεων
698 2567 754 2632 καί
780 2570 911 2651 κωμῶν
937 2562 998 2646 τὰς
1023 2571 1184 2653 σημασίας
1209 2567 1310 2650 ποίας
1336 2596 1375 2638 τε
1394 2568 1507 2656 χώρας
1530 2569 1597 2639 εἶεν
1618 2574 1674 2637 καί

365 2653 463 2742 ὅπως
479 2656 583 2743 αύτὰς
599 2665 632 2731 οί
653 2658 732 2732 καθ’
749 2657 834 2751 ἡμᾶς
850 2658 1088 2752 ὀνομάζουσιν,
1109 2669 1178 2735 εἴτε
1197 2683 1270 2748 τοῖς
1285 2677 1442 2748 παλαιοῖς
1458 2662 1585 2756 ὁμοίως
1607 2671 1674 2739 εἴτε

365 2767 421 2831 καὶ
437 2761 561 2848 ἑτέρως
575 2758 855 2847 μεταβάλλοντες,
878 2766 1068 2852 ἐκθέμενος.
1105 2760 1172 2836 άπὸ
1195 2763 1304 2854 πάσης
1318 2772 1379 2855 μὲν
1395 2759 1490 2855 <ούν>
1513 2773 1574 2857 τῆς
1595 2777 1674 2837 θεο-

315 2879 350 2932 2v
366 2857 538 2929 πνεύστου
562 2865 566 2946 Ι
589 2866 722 2949 γραφῆς
748 2858 902 2948 άναλέξω
924 2861 967 2933 τά
991 2861 1186 2952 ζητούμενα,
1210 2862 1396 2955 έκθῆσομαι
1418 2872 1454 2936 δέ
1475 2868 1563 2938 κατὰ
1585 2891 1673 2938 στοι-

364 2977 457 3047 χεῑον
485 2961 608 3029 ἕκαστα
630 2965 679 3042 είς
699 2957 816 3051 εύχερῆ
837 2960 1031 3051 κατάληψιν
1052 2971 1127 3034 τῶν
1149 2963 1325 3055 σποράδην
1347 2971 1384 3036 έν
1406 2984 1478 3048 τοῖς
1500 2962 1674 3055 ἀναγνώσ-

315 3080 349 3137 20
364 3079 465 3147 μασιν
487 3053 769 3131 ὑποπιπτόντων.

365 3215 374 3298 {y
845 3217 1076 3300 (Στοιχεῑον
1098 3219 1154 3302 A.)
1690 3235 1743 3291 208

929 3334 1107 3411 Γενέσεως.

447 3439 590 3532 Ἀραράτ
613 3447 693 3530 (Gen
714 3451 742 3527 8,
761 3449 802 3530 4).
846 3438 866 3532 ῆ
892 3439 1050 3532 Ἀρμενία·
1092 3449 1130 3516 έν
1162 3438 1273 3536 ὄρεσιν
1300 3443 1442 3537 Ἀραράτ
1477 3444 1498 3537 ῆ
1527 3449 1675 3535 κιβωτός

365 3551 504 3614 καθίσαι
526 3548 671 3631 λέγεται,
694 3550 751 3612 καί
773 3565 875 3629 φασιν
896 3549 943 3626 είς
966 3550 1063 3632 δεῦρο
1087 3551 1279 3617 δείκνυσθαι
1302 3550 1356 3617 έπὶ
1378 3555 1452 3618 τῶν
1474 3543 1585 3637 όρέων
1606 3546 1674 3640 Ἁρ-

450 3697 612 3761 4I'I'im6,
625 3701 657 3751 11
726 3697 786 3754 511.
804 3697 919 3769 Procop.
940 3700 1008 3755 1064
1020 3703 1055 3753 A:
1087 3700 1138 3767 τὴν
1160 3697 1190 3756 δέ
1207 3697 1320 3772 Μαρὼζ
1347 3699 1398 3773 οὐχ
1417 3697 1594 3775 εὑρίσκομεν,
1622 3703 1674 3761 οὐκ

365 3796 396 3855 έν
418 3805 481 3865 ταῖς
500 3799 694 3871 κληρουχίαις,
718 3796 770 3854 οὐκ
787 3796 818 3856 έν
835 3808 897 3866 ταῖς
914 3790 1074 3873 Ἑβραϊκαῖς
1091 3796 1264 3873 ἑρμηνείαις,
1287 3800 1340 3859 οίικ
1358 3800 1388 3857 έν
1405 3810 1445 3877 τῷ
1463 3807 1530 3877 περὶ
1547 3813 1673 3862 τοπικῶν

367 3897 526 3969 στομάτων,
553 3899 608 3970 vgl.
634 3899 681 3954 ευ
708 3901 986 3966 x11,3‚10u.N1‹¹
1015 3903 1087 3970 vm,
1106 3905 1164 3971 κο
1244 3905 1282 3961 ιε
1314 3906 1339 3958 11
1366 3905 1427 3960 σιω
1445 3909 1469 3973 3,
1488 3909 1521 3962 ιο
1591 3909 1672 3965 εει.

365 4003 480 4072 Procop.
498 4001 548 4058 285
559 4005 596 4056 A:
624 4005 690 4076 περὶ
711 4003 741 4060 δὲ
762 4013 811 4072 τῆς
832 4007 956 4076 κιβωτοῦ
979 4021 1063 4074 φησιν
1080 4000 1214 4074 Ἰώσηπος
1236 3999 1445 4080 δἜβραῖοςέν
1463 4011 1606 4081 τοῖςπερὶ
1625 4007 1673 4082 ἀρ·

364 4103 516 4174 χαιδτητος
539 4097 639 4170 οὕτως·
667 4101 699 4175 ἦς
722 4109 846 4178 κιβωτοῦ
867 4103 902 4162 τὰ
924 4109 1048 4177 λείψανα
1071 4105 1154 4178 μέχρι
1176 4114 1226 4163 νῦν
1308 4109 1448 4165 δείκνυται
1465 4105 1496 4165 έν
1514 4105 1575 4182 ὄρει
1592 4115 1673 4182 λεγο-

365 4202 442 4278 μένῳ
460 4199 593 4276 Ἇραράτ;
611 4207 667 4276 vgl.
687 4207 755 4263 Hex,
774 4225 807 4262 zu
825 4207 885 4263 Gen
903 4209 927 4272 8,
945 4214 963 4264 4

451 4340 469 4395 5
488 4338 605 4411 πρῶτος
622 4342 647 4395 V
734 4343 783 4400 81.
801 4343 852 4410 τὰς
870 4345 1101 4417 ...κληρουχίας
1118 4344 1277 4400 Wendland
1294 4344 1350 4416 vgl.
1366 4346 1388 4399 P
1408 4344 1474 4412 τοὺς
1486 4389 1493 4401 .
1507 4389 1532 4402 ..
1549 4349 1673 4418 κλήρους

366 4441 498 4496 Schulten
515 4442 571 4512 vgl.
590 4443 634 4497 TU
654 4445 701 4498 NF
718 4445 791 4512 VIII,
809 4447 868 4510 2‚5
942 4447 980 4503 14
998 4452 1048 4516 τῆς
1072 4447 1155 4513 θείας
1181 4445 1349 4520 φερομένων
1376 4455 1488 4520 γραφῆς
1514 4449 1673 4504 Wandland

365 4549 411 4612 τῆι
428 4545 507 4601 θείαι
533 4543 702 4616 φερομένων
720 4552 827 4617 γραφῆι
844 4548 870 4600 V
917 4549 953 4604 17
973 4547 1199 4622 μεταβάλλονται
1216 4549 1348 4604 Βοαίιεεο
1397 4543 1468 4619 Ιοῦν
1488 4551 1673 4606 Wilamowitz

367 4647 406 4701 22
427 4643 580 4716 Γενέσεως]
600 4653 632 4711 -ί-
650 4655 701 4702 τοῦ
719 4667 737 4702 α
757 4647 781 4700 V
