3752 5542
795 527 986 597 Hieronymus.
1131 589 1132 594 ἵ
1526 539 1544 598 5

167 706 221 762 Aa
235 696 380 762 meminit
405 696 517 762 borum
543 697 700 762 montium
727 701 759 762 et
784 695 931 763 Ieremias
960 694 971 780 ll
994 698 1028 762 in
1053 697 1176 762 cisione
1202 702 1311 764 contra
1336 697 1543 782 Babylonem.
1561 709 1596 764 83

234 793 357 861 Iosefus
392 817 519 880 quoque
553 795 586 860 in
616 797 719 881 primo
746 797 972 881 antiquitatum
993 795 1198 862 «Iudaicarum
1224 796 1306 862 libro
1337 797 1544 864 saecularium

232 895 409 962 litterarum
435 895 602 962 historicos
624 897 786 980 proferens
811 897 1097 961 »animaduertenss
1121 895 1227 980 inquit
1247 894 1318 962 Noe
1343 901 1475 962 »temam
1497 898 1544 962 di-

234 995 322 1062 luuio
348 995 514 1060 liberatam
540 1001 661 1080 septem
686 995 766 1063 alios
793 997 859 1062 dies
885 997 972 1061 abire
992 995 1148 1079 permisit,
1175 999 1206 1061 et
1227 996 1375 1062 uniuersa
1396 995 1544 1062 animalia

201 1107 217 1160 5
234 1094 415 1180 bestiasque
435 1096 616 1178 patentibus
639 1095 783 1162 claustris
806 1096 951 1161 emittens
972 1096 1040 1179 ipse
1062 1117 1134 1160 cum
1156 1117 1212 1160 sua
1226 1093 1314 1179 prole
1329 1114 1472 1182 egressus
1488 1103 1543 1171 est,

235 1194 403 1260 immolans
433 1198 492 1260 deo
524 1196 643 1262 hostias
673 1199 877 1281 gaudensque
907 1217 978 1260 cum
1008 1193 1123 1259 liberis.
1166 1194 1251 1260 hunc
1271 1193 1377 1260 locum
1398 1195 1543 1260 Armenii

236 1294 354 1359 exitum
384 1294 438 1360 uel
467 1313 628 1379 egressum
657 1300 785 1374 uocant3
815 1295 970 1378 siquidem
1001 1294 1046 1358 ibi
1072 1294 1209 1360 cultores
1230 1293 1356 1360 illarum
1377 1294 1543 1379 regionum

234 1414 339 1458 arcam
359 1394 497 1478 primum
518 1395 636 1460 sedisse
657 1399 814 1461 testantur
834 1399 867 1459 et
885 1395 1046 1479 lignorum
1073 1396 1228 1479 quaedam
1249 1416 1412 1478 superesse
1432 1417 1543 1460 monu-

234 1497 349 1558 menta.
395 1515 486 1559 arcae
511 1494 605 1559 buius
631 1499 663 1560 et
688 1493 801 1560 diluuii
827 1517 936 1560 omnes
963 1495 1018 1579 qui
1044 1495 1191 1559 barbaras
1218 1493 1369 1576 scripsere
1394 1493 1543 1559 historias

185 1603 218 1658 10
234 1595 445 1672 recordantur,
467 1615 601 1678 quorum
623 1598 671 1660 est
691 1617 773 1660 nnus
795 1594 933 1660 Berosus
955 1592 1139 1672 Chaldaeus,
1161 1593 1217 1677 qui
1237 1615 1331 1676 super
1352 1591 1473 1657 diluuio
1495 1614 1542 1656 re-

234 1691 337 1756 ferens
358 1693 435 1756 baec
455 1692 581 1758 locutus
603 1699 663 1761 est:
685 1693 801 1759 dicitur
820 1695 914 1760 buius
936 1693 1026 1758 nauis
1048 1692 1081 1757 in
1095 1693 1247 1758 Armenia
1260 1696 1389 1776 propter
1402 1695 1541 1756 montem

234 1790 469 1857 Carduenorum
482 1814 555 1876 pars
570 1792 677 1878 aliqua
691 1815 880 1876 permanere,
896 1797 928 1857 et
942 1795 1096 1877 quosdam
1111 1791 1254 1856 bitumen
1268 1813 1307 1856 ex
1321 1813 1358 1856 ea
1371 1790 1542 1855 auellentes

233 1890 447 1956 circumferre:
480 1913 542 1977 quo
568 1896 701 1958 utuntur
721 1892 773 1957 uel
794 1893 931 1958 maxime
952 1893 986 1956 bi
1007 1892 1062 1975 qui
1082 1890 1256 1955 lustrentur
1282 1895 1313 1954 at
1342 1912 1375 1954 se
1406 1891 1541 1974 expiant.

234 1994 288 2056 sed
320 1995 350 2055 et
370 1990 585 2075 Hieronymus
606 1991 797 2077 Aegyptius,
828 1993 884 2076 qui
906 1991 1110 2075 antiquitates
1132 1989 1157 2056 F
1159 1989 1302 2055 cenicum
1325 1989 1456 2073 pulchro
1478 2011 1540 2054 ser·

185 2101 217 2154 15
233 2112 327 2156 mone
358 2091 555 2175 conscripsit,
585 2095 616 2157 et
637 2091 795 2171 Mnaseas,
826 2096 858 2156 et
885 2091 979 2157 multi
1000 2090 1062 2156 alii
1104 2088 1257 2155 Nicolaus
1280 2110 1407 2174 quoque
1428 2087 1542 2156 Darna·

234 2212 346 2256 scenus
366 2190 400 2254 in
421 2191 626 2274 nonagesimo
647 2195 736 2256 sexto
751 2190 833 2257 libro
847 2191 955 2258 refert:
977 2195 1025 2256 est
1038 2191 1072 2256 in
1087 2189 1238 2256 Armenia
1251 2211 1346 2272 super
1360 2188 1542 2274 Minyadem

233 2311 324 2356 mons
354 2291 482 2356 nomine
504 2291 608 2370 Beris,
638 2293 677 2356 ad
708 2312 802 2375 quem
827 2290 945 2356 multos
966 2291 1000 2354 in
1022 2290 1143 2355 diluuio
1165 2289 1347 2373 confugisse
1368 2292 1541 2367 autumant,

232 2389 341 2474 ibique
372 2412 439 2455 esse
469 2389 621 2468 salutatos,
651 2390 730 2456 alios
759 2412 835 2455 uero
865 2393 899 2455 in
929 2411 1019 2455 arcae
1040 2388 1131 2455 alueo
1154 2391 1392 2472 supernatantes
1412 2390 1453 2451 ad
1474 2387 1541 2452 eius

233 2488 384 2554 aerucam
414 2489 602 2572 peruenisse,
633 2495 665 2555 et
693 2512 793 2575 usque
815 2493 856 2554 ad
876 2489 993 2555 multas
1015 2493 1132 2554 aetates
1153 2488 1241 2574 ligna
1262 2509 1352 2552 arcae
1374 2487 1541 2551 monstrari

183 2596 217 2650 20
234 2587 339 2654 solita:
361 2609 441 2672 quos
463 2589 591 2674 quidem
613 2607 672 2674 ego
694 2594 771 2674 puto
794 2612 858 2654 non
872 2611 940 2654 esse
955 2588 1034 2654 alios
1048 2588 1111 2654 nisi
1125 2609 1177 2654 eos
1192 2609 1273 2672 quos
1286 2587 1413 2671 Moyses
1427 2586 1541 2670 legifer

233 2684 420 2752 Iudaeorum
442 2688 475 2753 in
497 2688 562 2755 suis
582 2689 797 2755 uoluminibus
819 2689 946 2754 adicit«.

312 3185 423 3250 Acbad
452 3189 528 3251 urbs
558 3187 646 3271 regni
668 3185 809 3252 Nemrod
838 3185 871 3250 in
893 3183 1066 3270 Babylone.
1102 3210 1195 3269 porra
1217 3189 1342 3252 Hebraei
1370 3191 1447 3252 banc
1475 3210 1537 3251 esse

228 3289 331 3350 dabam
350 3289 581 3367 Mesopotamiae
600 3291 750 3352 ciuitatem
772 3309 846 3370 quaa
866 3290 952 3350 bodie
972 3296 1097 3350 eamear
1117 3292 1232 3366 Nisibi,
1254 3310 1274 3351 a
1293 3291 1419 3352 hiando
1441 3308 1536 3368 maan-

228 3389 298 3449 dam
319 3389 455 3450 &amaa
470 3389 589 3450 causale
609 3390 759 3452 obsessam
779 3396 962 3468 captamque,
984 3395 1011 3449 at
1030 3395 1098 3450 caia
1112 3409 1228 3467 paucos
1249 3409 1347 3451 annas
1367 3410 1386 3450 a
1406 3390 1537 3451 laciano

178 3500 211 3554 25
228 3489 402 3566 imperatore
423 3489 525 3550 Parsis
547 3489 693 3550 traditam.

311 3583 418 3669 Aggai
439 3586 479 3648 ad
501 3583 728 3651 occidentalem
749 3585 876 3670 plagam
899 3585 1003 3670 uergit
1024 3582 1174 3664 Betbslis‚
1195 3606 1259 3651 non
1281 3585 1416 3650 multum
1438 3586 1477 3649 ab
1500 3607 1536 3649 sa

227 3682 356 3748 distans.
399 3683 459 3748 sita
489 3689 536 3749 est
566 3689 669 3750 eutem
691 3684 806 3750 Betbel
838 3685 985 3751 euntibus
1006 3684 1131 3750 Aeliam
1161 3686 1199 3749 de
1221 3682 1357 3769 Neapoli
1386 3684 1420 3748 in
1445 3684 1536 3749 laeua

314 4505 353 4562 22
364 4506 398 4562 n.
416 4505 472 4576 agl.
491 4505 565 4560 Hier.
583 4509 686 4575 quaest.
706 4505 735 4560 in
753 4505 812 4561 Gen
830 4507 856 4562 S.
869 4507 909 4575 16,
927 4508 972 4560 17:
1000 4507 1109 4574 Achsd,
1137 4523 1207 4577 qaae
1224 4525 1297 4564 nunc
1314 4510 1414 4566 dicitur
1431 4509 1535 4564 Nisibis

312 4691 331 4747 8
350 4690 496 4746 historicus
515 4692 539 4743 Α
557 4689 695 4746 historicis
717 4689 740 4746 0
806 4691 845 4748 22
864 4691 955 4747 Acber
967 4694 992 4745 A
1009 4693 1115 4748 Arabat
1130 4691 1158 4746 B
1172 4695 1263 4749 Acatb
1284 4694 1309 4751 0
