3752 5542
782 496 972 566 Hieronymus.
1124 576 1128 584 Ι
1499 506 1538 566 27

132 673 217 729 ΑΘΗ
313 669 420 732 Adasa
449 667 482 730 in
512 665 597 730 tribu
618 663 715 729 Iudae
744 685 845 748 usque
867 665 960 730 hodie
981 665 1071 730 uicus
1092 666 1180 730 iuxta
1203 665 1331 730 Gufnas.
1373 669 1423 730 aad
1443 671 1538 729 miror

231 773 377 850 quomodo
398 770 585 846 &ascensam
604 769 753 844 raynonem
774 769 809 828 ia
830 769 909 828 tribu
927 769 1017 829 Iudae
1031 771 1176 846 pocomi,
1197 789 1266 829 oum
1281 771 1478 848 perspicuum
1499 771 1539 829 sit

231 871 394 932 sennodum
416 870 525 929 libiam
546 868 615 928 Iesu
635 869 671 927 ia
691 875 799 928 aarum
819 888 885 928 eom
905 869 1039 928 mediano
1062 869 1155 929 tritae
1177 870 1307 945 Esroim.

299 965 410 1030 ¹Athen
430 967 464 1030 in
485 967 571 1031 tribu
590 963 695 1028 Iudae.

192 1079 208 1132 5
309 1069 395 1130 Asan
425 1066 459 1128 in
488 1065 573 1130 tribu
595 1063 700 1128 ledae.
745 1068 792 1128 ost
821 1087 921 1148 neque
943 1065 1036 1129 hodie
1056 1067 1145 1130 uicus
1167 1066 1294 1130 nomine
1315 1066 1476 1130 Bethasan
1497 1069 1536 1130 ad

227 1165 354 1230 Aeliam
374 1165 544 1249 pertinenS,
565 1165 600 1228 in
622 1164 732 1246 quinto
755 1164 877 1230 decimo
900 1166 939 1228 ab
963 1187 999 1228 ea
1020 1164 1165 1231 miliario.

309 1266 440 1329 Asenna
460 1265 494 1328 in
515 1265 600 1328 tribu
622 1263 726 1329 Iudae.

312 1365 411 1449 Agzif
429 1365 462 1428 in
483 1364 569 1429 tribu
590 1364 695 1428 Iudae.
859 1446 863 1454 1

309 1466 403 1529 Anab
425 1465 458 1528 in
479 1465 565 1528 tribu
586 1462 691 1542 Iudae,
712 1483 917 1546 nuncusque
939 1463 1030 1526 uicus
1051 1463 1084 1526 in
1106 1462 1222 1527 finibus
1244 1461 1535 1548 Eleutheropoleoe

175 1576 208 1630 10
228 1570 275 1630 est
305 1570 336 1629 et
364 1565 424 1628 alia
456 1564 584 1648 grandis
613 1561 691 1626 uilla
712 1560 899 1628 ludaeorum
930 1565 1055 1627 nomine
1078 1563 1168 1626 Anca
1193 1562 1226 1625 in
1256 1562 1396 1627 Daroma
1427 1568 1535 1630 contra

226 1664 395 1728 australem
417 1668 539 1747 partem
562 1661 745 1741 Ohebronia
766 1682 881 1725 nouem
903 1662 942 1725 ab
965 1685 1001 1726 ea
1022 1662 1150 1726 milibus
1172 1667 1323 1744 separata.

308 1765 480 1828 Asthemoe
510 1762 543 1826 in
572 1761 658 1826 tribu
680 1759 788 1840 Iudae,
819 1762 908 1825 nicus
932 1766 963 1826 et
983 1762 1051 1844 ipse
1072 1761 1259 1828 ludaeorum
1280 1764 1315 1827 in
1335 1763 1475 1827 Daroma
1496 1766 1535 1826 ad

225 1864 406 1949 aquilonem
427 1863 491 1927 loci
513 1863 613 1926 Anen.

308 1964 405 2029 Anim
427 1962 460 2027 in
482 1963 567 2027 tribu
590 1962 695 2026 Iudae.
738 1964 785 2024 est
805 1960 895 2024 nicus
917 1961 1007 2024 Anea
1029 1961 1116 2025 iuxta
1138 1961 1272 2028 alterum
1294 1966 1332 2027 de
1355 1985 1418 2046 quo
1441 1985 1534 2046 supra

176 2074 207 2128 15
227 2064 370 2142 diximua
386 2066 426 2127 ad
442 2062 628 2128 orientalem
636 2060 765 2144 plagam
775 2060 953 2143 respiciam,
968 2060 1089 2125 cunctis
1099 2061 1328 2128 habitatoribus
1339 2062 1533 2128 Christianis.

308 2163 407 2227 Afeca
428 2163 461 2226 in
483 2161 568 2226 tribu
590 2159 694 2224 Iudae.

307 2263 456 2327 Ammata
476 2262 510 2325 in
531 2261 617 2325 tribu
638 2260 743 2325 Iudae.

306 2363 434 2426 Arebba
455 2361 489 2424 in
510 2361 597 2426 tribu
619 2360 725 2425 Iudae.

305 2463 441 2527 Ateroth
463 2460 553 2523 iuxta
573 2459 672 2524 Rama
693 2459 727 2522 in
749 2459 833 2523 tribu
854 2458 946 2525 loeef.

172 2567 206 2623 20
305 2561 442 2626 Ataroth
474 2561 586 2624 ciuitas
609 2559 709 2623 tribus
730 2558 859 2624 Efraim.
902 2579 986 2622 nuno
1006 2559 1096 2624 uicus
1118 2562 1158 2623 ad
1180 2559 1361 2644 aquilonem
1383 2559 1533 2625 Sebastae

220 2661 254 2725 in
276 2666 388 2744 quarto
411 2660 478 2724 eius
500 2658 636 2722 miliario
658 2659 776 2724 Atarus
798 2659 920 2723 dicitur.

303 2761 392 2824 Adar
415 2757 529 2824 ciuitas
551 2759 653 2822 tribus
675 2757 805 2822 Efraim.

304 2861 384 2924 Aser
413 2857 526 2925 ciuitas
555 2856 657 2921 tribus
678 2856 831 2922 Manasse.
874 2878 956 2921 nunc
987 2859 1218 2923 demonstratur
1238 2859 1315 2923 nilla
1345 2861 1532 2925 descenden-

219 2958 304 3024 tibus
342 2981 360 3022 a
389 2957 526 3041 Neapoli
557 2956 786 3040 scythopolim,
821 2957 854 3020 in
890 2956 1001 3040 quinto
1039 2959 1158 3023 decimo
1193 2958 1298 3042 lapide
1324 2961 1412 3024 iuxta
1446 2959 1531 3024 uiam

171 3067 204 3123 25
222 3057 390 3141 publicam.

304 3159 439 3223 Ataroth
470 3157 584 3222 ciuitas
613 3157 715 3222 tribus
736 3155 911 3219 Beniamin.
955 3161 1028 3220 sunt
1059 3161 1164 3222 autem
1186 3161 1265 3224 duae
1287 3159 1424 3222 Atecoth
1446 3161 1530 3223 haud

220 3256 332 3340 procul
353 3259 392 3321 ab
415 3257 516 3322 Aelia.

303 3357 311 3438 i}
331 3357 495 3422 Anathoth
527 3356 638 3422 ciuitas
669 3355 762 3421 sortis
783 3354 951 3418 Beniamin
979 3355 1194 3421 sacerdotibus
1216 3361 1359 3437 separata
1380 3357 1414 3421 in
1435 3358 1528 3423 tertio
1547 3368 1581 3421 94

223 3455 262 3519 ab
284 3456 376 3520 Aelia
397 3456 544 3536 miliario,
567 3458 604 3520 de
627 3477 689 3540 qua
712 3460 742 3520 et
763 3453 911 3518 Ieremias
934 3454 996 3518 fuit
1017 3456 1148 3538 profeta.

169 3665 202 3719 30
302 3655 411 3719 Addar
433 3655 544 3720 ciuitas
567 3655 660 3720 sortis
683 3655 857 3720 Beniamin.

303 4186 354 4240 21.
372 4183 549 4249 J0s16‚5ffi?
569 4185 609 4252 18,
628 4185 681 4239 24‘?
700 4186 755 4254 vgl.
766 4187 790 4240 S.
804 4188 873 4250 2117
914 4185 984 4244 281.
1003 4186 1058 4255 vgl.
1076 4185 1150 4242 Hier.
1168 4203 1265 4242 comm.
1283 4187 1313 4241 in
1330 4186 1377 4240 Jer
1386 4190 1430 4250 11,
1449 4188 1526 4242 21ff.:

217 4304 349 4342 ...non
376 4303 409 4341 ex
427 4284 575 4354 Jeremiae,
603 4287 649 4355 qui
676 4288 784 4358 proprie
802 4287 948 4342 habitabat
966 4289 994 4342 in
1012 4287 1103 4342 uiculo
1121 4290 1279 4356 Anathoth,
1307 4286 1353 4357 qui
1372 4287 1407 4341 ab
1426 4287 1528 4344 leroso-

217 4385 299 4456 lymie
317 4388 405 4442 tribus
424 4387 509 4442 dietat
527 4388 649 4442 millibus

302 4573 319 4627 e
340 4572 507 4628 conensem
525 4571 607 4627 non
673 4573 691 4627 a
710 4574 770 4627 iesu
788 4573 826 4624 Δι
843 4573 917 4630 nasu
935 4535 1013 4628 aaa
1026 4572 1138 4629 nasum
1161 4574 1316 4630 caiuma
1387 4574 1424 4628 1e
1439 4577 1528 4628 mem

217 4672 271 4728 Ac
339 4675 376 4729 14
395 4677 438 4729 est
455 4683 488 4732 <
506 4675 550 4728 Η*
621 4672 658 4728 lc
677 4675 838 4730 RamamO
904 4677 943 4732 24
962 4675 1064 4746 lapide]
1086 4675 1246 4731 miliarioA
