3750 5540
753 511 941 581 Hieronymus.
1446 519 1502 578 141

95 675 177 730 1101!
193 701 275 761 quos
299 701 382 744 nuno
404 678 597 744 Christianos
620 685 742 744 uocant.
779 685 951 745 astantem
973 701 1071 763 usque
1092 679 1186 743 hodie
1208 677 1240 740 in
1256 676 1396 742 Galilaea
1417 679 1504 743 nieu-

191 779 243 842 lus
271 783 381 843 eontra
402 778 583 862 Legionem,
614 781 647 842 in
680 781 790 862 quinto
822 780 943 844 decimo
975 781 1040 844 eius
1071 777 1220 856 miliario,
1250 779 1290 839 ad
1321 778 1504 842 orientalem

191 879 323 962 plagam
345 879 432 942 iuxta
454 883 592 942 montem
615 877 742 944 Thabor
763 883 888 944 nomine
911 878 1040 942 Nazara.

278 976 373 1041 Naim
396 978 546 1061 oppidum
569 978 601 1040 in
624 999 687 1060 quo
709 979 810 1042 filium
832 979 945 1042 uiduae
969 977 1140 1042 amortuis
1163 977 1307 1041 dominus
1331 977 1503 1041 suseitauit.

155 1084 222 1141 oet
253 1100 356 1161 usque
386 1079 480 1142 hodie
509 1079 542 1141 in
569 1081 706 1143 seeundo
734 1078 871 1142 miliario
899 1077 1025 1141 Thabor
1051 1079 1166 1141 montis
1193 1077 1369 1141 ostenditur
1395 1082 1504 1141 eontra

190 1178 356 1241 meridiem
378 1179 465 1242 iuxta
487 1179 623 1242 Aendor.

685 1497 732 1562 De
754 1496 835 1562 libro
859 1495 1011 1560 ludieum.

274 1645 329 1709 Xil
351 1646 384 1708 in
407 1647 490 1710 tribu
513 1645 616 1711 Iudae.

753 1965 802 2028 De
825 1965 945 2029 Genesi.
1521 1981 1570 2033 143

138 2125 172 2178 10
276 2114 376 2178 Oreeh
400 2113 510 2176 ciuitas
532 2113 622 2196 regni
646 2112 784 2178 Nemrod
806 2116 839 2178 in
862 2113 1034 2196 Babylone.

141 2185 151 2216 ⁴
301 2213 348 2278 Ur
363 2212 592 2278 Chaldaeorum
613 2213 668 2277 nbi
690 2219 831 2278 mortuus
855 2219 901 2278 est
917 2217 1002 2278 Aran
1025 2215 1121 2278 frater
1136 2215 1267 2293 Abraae,
1290 2215 1571 2278 ouiushodie·158

190 2337 262 2397 que,
291 2314 372 2377 sieut
393 2311 516 2378 Iosefus
544 2314 649 2384 refert,
678 2313 817 2377 tumulus
845 2315 1029 2379 ostenditur.
1071 2327 1096 2378 el
1117 2339 1208 2396 super
1237 2320 1290 2378 hoo
1320 2319 1393 2395 qaid
1417 2318 1503 2377 nohis

191 2419 336 2490 uideatur,
359 2419 393 2476 in
415 2417 499 2476 libris
521 2418 736 2476 rreorauarum
757 2419 966 2494 quaestionum
988 2419 1129 2478 diximus.

274 2512 472 2590 Ulammaus,
501 2534 557 2594 pro
585 2535 648 2596 quo
675 2513 708 2577 in
730 2511 873 2577 Hebraeo
897 2514 1050 2596 seriptum
1072 2515 1167 2578 habet
1187 2511 1280 2578 huza.
1325 2516 1432 2577 eadem
1456 2519 1503 2577 est

139 2625 171 2676 15
189 2619 295 2676 autem
322 2633 402 2694 quae
429 2616 459 2676 et
480 2611 607 2692 Bethar,
633 2613 715 2676 sieut
736 2635 830 2695 supra
852 2613 924 2676 dixi.
967 2616 1021 2678 sed
1044 2618 1074 2676 et
1096 2616 1249 2697 quaedam
1271 2612 1347 2676 uilla
1369 2614 1504 2678 nomine.

189 2711 319 2776 Ullama
340 2711 372 2774 in
395 2711 582 2774 duodecimo
599 2711 824 2775 Diocaesareae
847 2711 951 2794 lapide
974 2713 1149 2776 ostenditur
1171 2717 1280 2778 eontra
1301 2711 1377 2776 solis
1397 2718 1503 2778 ortum

303 2909 449 2974 Olibama
471 2909 581 2974 ciuitas
604 2910 780 2992 principum
802 2910 913 2975 Edom.
1520 2938 1569 2992 143

274 3007 429 3074 Odollam.
473 3009 607 3073 diximus
631 3011 668 3072 de
690 3009 748 3072 hae
770 3016 801 3072 et
823 3033 925 3094 supra.
969 3011 1057 3074 ouius
1079 3011 1223 3074 meminit
1244 3009 1362 3074 Esaias.

752 3297 800 3360 De
822 3295 943 3361 Exodo

139 3455 173 3508 20
276 3439 381 3507 Othon
412 3444 465 3506 ubi
491 3449 628 3509 seeundo
661 3445 719 3508 filii
741 3445 837 3511 lsrael
863 3452 965 3510 eastra
992 3447 1100 3510 metati
1127 3452 1213 3524 sunt,
1240 3447 1435 3528 egredientes
1464 3449 1501 3510 de

193 3541 349 3606 Soeehoth
371 3543 460 3607 iuxta
481 3547 646 3622 desertum,
669 3549 793 3627 quando
817 3550 854 3610 de
877 3549 1024 3629 Aegypto
1047 3552 1120 3610 sunt
1141 3546 1281 3628 profecti.

724 3728 772 3791 De
794 3727 875 3793 libro
897 3727 977 3793 lesu.

274 3873 358 3940 Ofer.
401 3881 431 3939 et
452 3877 534 3940 hano
556 3877 638 3959 oepit
660 3875 746 3942 lesus
769 3897 841 3961 rege
864 3879 962 3960 ipsius
984 3877 1159 3942 interfecto.

278 4298 313 4352 11
325 4299 358 4354 ff.
377 4297 454 4350 Hier.
474 4300 571 4365 quaest
588 4297 616 4350 in
636 4299 694 4353 Gen
708 4302 732 4350 S.
747 4301 785 4362 18,
804 4299 882 4352 eoa:
901 4317 949 4368 pro
968 4317 999 4354 eo
1020 4300 1092 4368 quod
1110 4299 1228 4368 legimus
1247 4299 1275 4352 in
1295 4298 1405 4366 regione
1419 4297 1499 4351 Chal·

193 4397 329 4464 daeorum,
348 4399 376 4452 in
394 4399 513 4454 hebraeo
532 4400 626 4454 habet:
645 4400 674 4453 in
692 4419 724 4454 ur
743 4399 858 4464 Caedim,
877 4400 905 4453 id
925 4401 1012 4454 estin
1032 4401 1096 4469 igne
1115 4399 1315 4454 Chaldaeorum
1334 4402 1385 4452 ete.

278 4581 465 4638 GNazoraC
549 4585 586 4638 14
607 4585 731 4652 quaAC
816 4584 852 4639 16
869 4583 1118 4652 UlammaAOrH)
1197 4581 1316 4652 llapide]
1337 4581 1499 4636 miliarioA

194 4683 231 4739 18
249 4684 302 4737 hoe
320 4683 378 4736 ΑΗ
438 4685 591 4754 {meminit}
612 4693 643 4748 -l-
662 4688 689 4739 et
711 4685 763 4738 CH
827 4687 866 4740 ‘22
887 4687 949 4739 lesu
973 4687 1011 4738 Va
1031 4687 1155 4740 ludieum
1173 4685 1276 4752 (Α)οΗ
