3752 5542
393 497 429 559 12
976 489 1116 548 Eusebius.

473 649 575 741 Ἀζώρ
595 656 695 741 (Num
716 664 767 738 21,
790 658 851 741 24).
898 646 1014 743 νόριον
1034 657 1120 726 υίῶν
1141 649 1282 744 Ἀμμᾶνι
1308 659 1369 743 τῆς
1389 659 1445 726 καὶ
1463 660 1699 742 Φιλαδελφίας,

391 759 539 843 διορίζον
570 749 678 844 αδτῆν
709 781 747 825 τε
777 760 832 823 καί
864 751 927 843 τῆν
950 760 1022 824 τῶν
1043 749 1251 844 Ἀμορραίων
1270 753 1398 842 χώραν.
1438 759 1495 825 καὶ
1518 755 1609 825 ἔστιν
1630 751 1701 826 άπὸ

391 849 485 924 όκτω
509 861 653 942 σημείων
670 859 898 940 Φιλαδελφίας
920 857 957 924 ἐν
980 858 1117 940 δυσμαῖς
1134 848 1229 943 Ἀζῆρ
1250 853 1359 943 κώμη,
1381 849 1402 943 ἢ
1423 860 1480 925 καὶ
1503 858 1549 936 εἰς
1571 856 1622 924 ἔτι
1637 859 1713 925 νῦν·

393 958 550 1040 διαμένει.

357 1072 374 1124 5
474 1046 594 1142 Ἀροῆρ
615 1054 713 1138 (Dent
734 1062 761 1138 3,
787 1064 836 1139 123
859 1063 886 1136 4,
909 1057 971 1140 48),
1005 1047 1045 1141 νῆ
1076 1056 1169 1124 ἐστιν
1195 1057 1250 1124 ἐπὶ
1281 1059 1344 1124 τοῦ
1364 1061 1498 1143 χείλους
1516 1049 1700 1143 χειμάρρου

391 1146 550 1240 Ἀρναίνι.
592 1148 692 1234 πόλις
716 1150 837 1240 Μωάβ,
870 1149 912 1242 ῆν
933 1148 1024 1240 εἶχόν
1045 1180 1131 1225 ποτε
1157 1154 1207 1224 τοί
1227 1147 1393 1242 Ὀμμείνι,
1425 1155 1528 1235 ἔθνος
1552 1149 1702 1241 άρχαιον,

394 1244 574 1323 δάνείλον
604 1254 636 1324 οί
666 1255 732 1325 υίοὶ
754 1253 837 1324 Λώτ
867 1255 900 1324 οί
930 1247 999 1323 άπὸ
1023 1247 1137 1337 Μωάβ.
1179 1258 1235 1324 καὶ
1266 1257 1437 1324 δείκνυται
1460 1255 1504 1336 είς
1527 1258 1624 1340 δεῦρο
1647 1247 1699 1323 ἐπ’

394 1345 522 1438 όφρόος
546 1356 608 1421 τοῦ
630 1344 730 1440 ὄρους
751 1358 894 1442 κειμένη,
918 1345 938 1423 ό
961 1379 998 1422 τε
1017 1346 1215 1440 χειμάρρους
1237 1346 1256 1422 δ
1279 1350 1334 1424 δεδι
1354 1357 1415 1440 τῆς
1430 1349 1604 1442 φάραγγος
1619 1357 1630 1442 ΙΙ
1646 1356 1700 1424 ἐπὶ
1718 1368 1781 1422 213

394 1448 458 1538 τῆν
480 1449 603 1538 νεκρὰν
625 1448 802 1523 θάλασσαν
823 1456 1011 1522 ἐκπίπτων.
1046 1456 1185 1539 γέγονεν
1205 1455 1240 1522 δὲ
1263 1446 1420 1541 ῆἈροῆρ
1442 1449 1570 1540 κλήρου
1592 1456 1701 1540 φυλῆς

344 1558 377 1613 10
396 1546 475 1634 Γάδ,
498 1555 554 1620 καὶ
577 1554 710 1638 λέγεται
732 1552 816 1622 είναι
841 1549 945 1622 »κατὰ
966 1548 1155 1639 πρόσωπον
1174 1545 1321 1636 *Ραββάα

477 1644 654 1738 Ἀσταραίθ
675 1655 773 1738 (Dent
796 1662 822 1734 1,
844 1657 885 1738 4).
927 1648 1027 1732 πόλις
1049 1645 1168 1737 άρχαία
1190 1655 1253 1720 τοῦ
1270 1643 1340 1739 Ὦγ,
1364 1654 1401 1721 ἐν
1424 1643 1444 1740 ῆ
1466 1649 1649 1740 κατῴκουν
1670 1654 1703 1722 οί

343 1771 376 1826 5v
394 1757 563 1838 γίγαντες,
594 1745 615 1836 ῆ
637 1754 754 1838 γέγονε
777 1754 886 1837 φυλῆς
908 1753 1079 1838 Μανασσῆ.
1099 1753 1103 1836 Ι
1122 1746 1324 1835 παράκειται
1346 1754 1382 1821 δὲ
1404 1753 1441 1822 ἐν
1459 1758 1502 1839 τῇ
1525 1758 1702 1840 Βαταναίᾳ

392 1843 513 1940 Ἀδραᾷ
542 1843 642 1920 πόλει
672 1854 732 1939 τῆς
761 1844 911 1937 Ἀραβίας
942 1844 989 1930 ιδς
1020 1843 1088 1920 άπὸ
1119 1854 1266 1938 σημείων
1298 1849 1339 1935 ἕξ.
1383 1845 1404 1939 ῆ
1435 1855 1470 1924 δὲ
1491 1846 1611 1937 Ἀδραά
1642 1855 1703 1938 τῆς

396 1945 551 2038 Βόστρης
582 1952 734 2037 διέστηκε
764 1954 910 2037 σημείοις
941 1946 1002 2028 κε’.
1044 1966 1150 2018 κειται
1182 1953 1217 2020 δὲ
1246 1955 1302 2018 καί
1332 1944 1495 2037 ἀνωτέρω
1522 1944 1704 2036 Ἀσταρώδ

345 2065 376 2118 15
396 2053 573 2136 Καρναείν.

478 2142 595 2236 Ἀγροῦ
616 2144 739 2219 σκοπιά
761 2151 860 2233 (Num
883 2157 931 2231 23,
957 2153 1014 2232 14).
1057 2137 1138 2233 ὄρος
1160 2143 1279 2234 Μωάβ,
1310 2152 1347 2218 ἐν
1378 2138 1554 2238 ᾧῆγαγεν
1588 2147 1705 2219 Βαλὰκ

397 2243 461 2318 τὸν
492 2245 636 2335 Βαλαάμ
674 2250 746 2318 »ἐπὶ
781 2244 937 2336 κορυφῆν
968 2251 1029 2316 τοῦ
1064 2251 1336 2335 λελοξευμένουι,
1372 2245 1612 2338 ὑπερκείμενον
1644 2253 1705 2337 τῆς

398 2352 518 2435 νεκρᾶς
548 2341 729 2436 θαλάσσης.
772 2339 869 2417 δκαί
899 2352 946 2427 είς
972 2347 1023 2417 ἔτι
1045 2349 1214 2417 δείκνυται
1236 2342 1278 2416 οδ
1298 2346 1431 2436 μακρὰν
1453 2353 1516 2419 τοῦ
1537 2343 1705 2436 Ἀρνῶνος

398 2441 536 2528 διεστός.

346 2561 380 2616 20
480 2540 636 2634 Ἀραβώδ
660 2541 768 2630 Μωάβ
788 2549 888 2634 (Num
909 2554 958 2626 26,
981 2549 1026 2632 3),
1060 2547 1145 2616 ἔνθα
1176 2542 1335 2634 δεύτερον
1352 2542 1541 2666 ,ἠριθμήθη
1573 2540 1705 2627 δλαός.

397 2639 476 2732 <Ἀ>
499 2643 585 2732 πρὸς
615 2637 725 2733 όμαλά
747 2640 870 2729 Μωάβ,
900 2647 951 2731 <Σ
953 2642 979 2731 >
1001 2647 1056 2715 ἐπὶ
1079 2642 1143 2734 τῆν
1164 2640 1367 2716 πεδιάδα”
1327 2674 1421 2736 της
1410 2642 1525 2730 Μωάβ,
1551 2639 1590 2733 νῆ’
1613 2649 1707 2716 ἐστιν

397 2749 452 2816 ἐπὶ
483 2750 545 2815 τοῦ
566 2738 734 2832 Ἰορδάνον
763 2743 853 2814 κατὰ
870 2742 1023 2834 Ἱεριχοίι.
1062 2750 1118 2813 καὶ
1144 2740 1281 2815 ἐστι’
1241 2773 1349 2828 τοπος
1371 2748 1417 2828 εἰς
1448 2749 1548 2867 δεῦρο
1579 2741 1705 2816 δεικνύ-

396 2871 498 2932 μενος
528 2842 619 2932 παρὰ
642 2850 693 2933 τῷ
717 2835 789 2933 ὄρει
813 2843 946 2934 Φογώρ,
979 2837 1223 2934 όπαράκειται
1253 2839 1427 2918 ἀνιόντων
1457 2839 1526 2916 άπὸ
1548 2841 1706 2931 Αιβιάδος

398 2948 455 3014 ἐπὶ
475 2939 611 3027 Ἐοβοῦν
633 2949 695 3032 τῆς
715 2937 908 3030 Ἀραβίας’
887 2942 1029 3032 αντικρδ
1050 2939 1181 3033 Ἱεριχω.

347 3159 380 3213 25
480 3137 597 3229 Ἀραβά
619 3146 717 3231 (Dent
733 3147 833 3230 1‚1?).
875 3137 943 3212 Ἀκ’
966 3147 1003 3213 έν
1024 3136 1144 3231 δμαλῆ,
1167 3142 1231 3213 Συ’
1255 3148 1293 3214 έν
1315 3150 1358 3231 τῆ
1379 3139 1519 3226 πεδιάδι,
1544 3139 1645 3215 Θεοδ
1668 3147 1706 3213 ἐν

398 3246 544 3331 δυσμαῖς,
567 3237 666 3331 <Συ’>
688 3238 793 3314 πάλιν
816 3243 852 3311 έν
874 3249 917 3330 τῇ
939 3236 1100 3332 άοικῆτῳ.
1189 3281 1196 3298 ·

480 3337 657 3430 Ἀσταριόδ
678 3345 779 3429 (Num
802 3350 850 3426 32,
873 3345 933 3430 34).
974 3337 1075 3425 πόλις
1106 3341 1146 3413 τὸ
1176 3342 1326 3415 παλαιὸν
1358 3347 1421 3415 τοῦ
1442 3337 1641 3432 Ἀμορραίου
1669 3345 1707 3412 έν

399 3446 408 3532 ίΙ
430 3447 472 3530 τῆ
493 3446 633 3532 Περαίᾳ,
666 3439 686 3532 ῆ
708 3447 846 3530 γέγονεν
874 3438 1003 3530 κλήρου
1033 3447 1142 3530 φυλῆς
1165 3438 1242 3514 Γάδ.
1285 3446 1439 3514 ἐκαλεῖτο
1468 3447 1504 3514 δὲ
1532 3437 1708 3530 Ἀσταροδθ
1728 3461 1780 3515 214

400 3541 472 3625 υίὸς
493 3542 621 3630 Σαλμώ
644 3537 666 3630 ἢ
688 3547 911 3630 Σαλομῶνος,
934 3537 982 3622 τός
1003 3545 1040 3611 έν
1062 3545 1385 3630 Παραλειπομέναις.

349 3656 383 3712 30
482 3637 660 3728 Ἀσταρώδ
681 3636 815 3729 Σωφάρ
837 3643 936 3728 (Num
960 3650 1008 3724 32,
1030 3645 1091 3728 35),
1133 3637 1232 3722 πόλις
1253 3648 1309 3712 καὶ
1331 3636 1417 3730 αάτῆ
1441 3646 1549 3730 φυλῆς
1572 3637 1652 3712 Γάδ.

483 3809 692 3876 mentm.
727 3810 780 3866 δί.
798 3809 846 3864 Jos
863 3810 903 3876 13,
921 3811 955 3865 25
991 3810 1327 3877 111.Jos.12,4;13,31
1366 3811 1439 3868 141.
1457 3810 1550 3876 s.6,4
1586 3810 1626 3867 20
1644 3810 1708 3866 Pro·

401 3929 459 3984 οορ.
477 3913 528 3969 992
539 3913 578 3966 A:
607 3905 719 3977 Ἀκύλας
735 3910 769 3966 τὸ
787 3903 916 3982 Ἄραβὼθ
934 3907 992 3966 ἀπὸ
1011 3909 1128 3979 ὁμαλῶν
1146 3907 1289 3980 ἐξέδωκεν,
1308 3907 1324 3968 δ
1342 3908 1418 3968 ἐστιν
1436 3908 1493 3968 ἀτιδ
1511 3917 1561 3981 τῆς
1579 3911 1710 3977 πεδιάδος

401 4014 619 4078 21ssNum31,
638 4013 670 4067 12
739 4010 1045 4080 281.10h10n2,54

488 4164 539 4220 71.
558 4161 574 4220 δ
592 4161 706 4220 ἀνεῖλον
724 4159 761 4232 σί]
780 4157 814 4217 δν
832 4159 947 4218 ἀνεῖλον
965 4162 990 4217 V
1060 4163 1098 4220 1⁸
1116 4158 1214 4240 Ἄδραᾷ
1232 4162 1323 4233 πόλει]
1342 4166 1414 4219 nach
1432 4165 1458 4218 H
1470 4159 1567 4238 Ἀδραά
1587 4164 1668 4231 πόλις
1687 4165 1709 4218 V

401 4265 582 4339 (παράκειται
597 4265 627 4322 δὲ
644 4271 680 4335 τῇ
695 4263 852 4338 Βαταναίᾳ.
888 4262 1029 4334 (διέστηκε
1046 4265 1089 4322 δὲ)
1106 4255 1220 4334 Ἀδραᾶς
1246 4264 1356 4332 πόλεως
1377 4265 1542 4334 Wendland)
1613 4267 1652 4322 21
1671 4261 1709 4322 'A'

400 4389 426 4424 α.
446 4359 485 4422 Σ’
503 4367 641 4431 Βίεεαίονδ
727 4367 766 4423 24
784 4359 900 4437 Ἑσβοῦν
926 4366 978 4420 mit
995 4366 1126 4422 Βοιιίτὸτε
1152 4363 1288 4440 ἰεβοῦςί
1373 4369 1412 4424 25
1429 4361 1484 4423 Ἀκ’
1503 4364 1534 4423 έν
1558 4365 1652 4437 ὁμαλῆ
1670 4369 1709 4422 Σ’

401 4469 540 4525 Βίτοηίοτδ
558 4467 763 4538 ἀκενομαλείοο
776 4465 821 4520 V*
841 4463 949 4536 άκενδμ
968 4463 1119 4524 δλειόνίίι
1169 4465 1274 4537 Ιθεοδ’
1292 4469 1424 4525 Βοαίτὲτο
1442 4467 1507 4525 αίδδ
1518 4470 1542 4523 V
1595 4470 1634 4524 2ss
1652 4451 1709 4523 Συ’

401 4572 540 4628 Rhenferd
646 4571 720 4628 εΗ.
739 4571 814 4626 801.
832 4562 959 4640 Ἀταράιθ
978 4569 1204 4640 Bertdoehvgl.
1223 4571 1318 4625 LXXF
1424 4572 1464 4628 80
1481 4572 1509 4626 Ζ.
1528 4572 1562 4626 30
1585 4569 1709 4625 zweimal

402 4675 517 4744 gesohr„
535 4673 584 4728 das
602 4673 698 4730 zweite
716 4673 772 4727 Mal
792 4675 842 4728 auf
856 4669 881 4722 S.
900 4671 935 4724 6r
949 4671 1020 4727 oben
1038 4671 1064 4727 V
1129 4668 1217 4741 Ιαύτη
1237 4671 1308 4726 nach
1324 4671 1351 4726 Η
1369 4666 1439 4741 αὕτη
1457 4672 1480 4726 V
