3780 5536
754 479 944 548 Hieronymus.

756 847 804 912 De
828 846 950 912 Genesi.

276 997 378 1062 Messe
401 997 488 1080 regio
510 995 626 1076 Indiae,
648 998 681 1062 in
704 1021 767 1081 qua
789 999 1012 1062 habitauerunt
1033 997 1092 1062 filii
1112 995 1219 1061 leotan
1241 995 1299 1060 filii
1321 995 1413 1059 Eber.

276 1195 427 1260 Mambre.
469 1197 546 1260 haee
568 1201 616 1260 est
635 1193 788 1272 Chebron,
810 1197 898 1262 iuxta
920 1221 1015 1281 quam
1038 1195 1179 1279 sepultus
1203 1200 1250 1259 est
1272 1197 1409 1258 Abraam
1432 1215 1504 1256 eum

196 1293 284 1358 lsaae
307 1299 338 1359 et
359 1293 461 1373 Iacob,
485 1297 523 1358 de
546 1317 608 1377 qua
630 1301 661 1359 et
683 1297 943 1379 supradiximus.
986 1297 1127 1360 Mambre
1150 1299 1255 1360 autem
1277 1294 1452 1360 uocabatur
1474 1297 1505 1356 et

161 1406 277 1459 onnus
300 1395 474 1459 amicorum
495 1394 642 1458 Abraam.

278 1493 417 1558 Madiam
438 1494 514 1558 urbs
536 1496 576 1558 ab
598 1516 661 1559 uno
683 1494 821 1560 filiorum
843 1496 982 1559 Abraam
1005 1517 1042 1558 ex
1057 1493 1207 1558 Chettura
1229 1495 1274 1557 sie
1295 1497 1416 1558 uooata.
1459 1497 1506 1556 est

196 1599 301 1656 autem
336 1598 422 1658 trans
452 1594 604 1658 Arabiam
640 1597 679 1657 ad
718 1595 881 1658 meridiem
917 1595 949 1657 in
986 1597 1107 1659 deserto
1139 1584 1366 1658 Saracenorum
1397 1597 1505 1656 eontra

196 1693 347 1758 orientem
376 1693 471 1758 maris
502 1692 597 1770 rubri,
627 1696 710 1756 unde
740 1698 894 1766 uocantur
913 1693 921 1776 l:
944 1692 1120 1757 Madianaei
1147 1698 1177 1757 et
1198 1692 1384 1756 Madianaea
1405 1691 1502 1776 regio.
1523 1704 1571 1758 137

196 1791 331 1875 legimus
354 1798 385 1856 et
405 1793 486 1858 filias
509 1791 606 1860 lobab
633 1793 734 1858 soceri
755 1791 859 1874 Moysi
884 1792 966 1856 filias
987 1792 1134 1856 Modiam.
1178 1795 1233 1856 sed
1255 1797 1286 1856 et
1307 1792 1369 1856 alia
1391 1793 1502 1856 ciuitas

147 1901 181 1955 10
198 1896 246 1955 est
267 1881 445 1975 ὁμώνυμος
467 1894 533 1958 aius
555 1893 643 1957 iuxta
657 1894 817 1956 Arnonem
840 1897 871 1955 et
884 1891 1077 1974 Areopolim,
1099 1893 1188 1957 euius
1210 1914 1293 1957 nune
1313 1892 1421 1956 ruinae
1437 1897 1502 1955 tan·

198 1995 361 2056 tummodo
384 1995 645 2056 demonstrantur.

280 2190 376 2254 Moab
399 2191 438 2254 ab
460 2213 523 2256 uno
546 2190 684 2255 filiorum
699 2189 758 2255 Lot
779 2191 835 2273 qui
855 2192 1028 2256 uocabatur
1046 2191 1150 2270 Moab,
1171 2193 1246 2255 urbs
1261 2191 1404 2269 Arabiae,
1426 2211 1506 2273 quae

199 2311 283 2353 nune
296 2288 465 2372 Areopolis
480 2291 603 2365 dieitur,
626 2291 672 2354 sio
692 2296 806 2354 uooata
828 2295 882 2369 est,
906 2291 994 2356 ouius
1010 2296 1041 2355 et
1055 2313 1150 2375 supra
1164 2289 1370 2356 meminimus.
1400 2287 1506 2371 appel-

200 2389 283 2453 latur
312 2394 417 2453 autem
439 2389 534 2456 Moab
565 2412 603 2454 ex
629 2389 756 2455 nomine
777 2390 863 2456 urbis
887 2397 918 2455 et
939 2393 1033 2475 regio.
1076 2411 1169 2474 porro
1192 2391 1260 2472 ipsa
1282 2389 1394 2453 ciuitas
1416 2388 1506 2471 quasi

149 2513 182 2565 15
200 2489 367 2571 proprium‘
383 2488 573 2553 uocabulum
594 2490 735 2571 possidet
757 2489 902 2554 Rabbath
926 2491 1031 2568 Moab,
1052 2491 1085 2555 id
1107 2497 1154 2555 est
1175 2490 1302 2574 grandis
1325 2487 1430 2552 Moab.

282 2585 424 2652 Maereoa
446 2588 557 2652 ciuitas
579 2589 668 2671 regni
690 2587 794 2653 Edom
817 2589 900 2654 oiroa
923 2589 1110 2655 Gebalenen.

282 2786 417 2851 Mabsar.
460 2809 559 2869 usque
591 2789 630 2850 ad
660 2793 857 2870 praesentem
880 2789 961 2851 diem
984 2791 1074 2852 uieus
1096 2789 1223 2872 grandis
1245 2790 1277 2852 in
1300 2788 1429 2872 regione
1451 2787 1507 2852 Ge·

199 2884 313 2948 balena
335 2885 512 2968 appellatur
532 2886 678 2952 Mabsara
701 2890 740 2950 ad
762 2887 872 2951 urbem
894 2887 1021 2951 Petram
1043 2888 1210 2970 pertinens.

283 2985 449 3068 Magediel.
493 2991 524 3050 et
544 2988 622 3050 haee
643 2985 675 3048 in
698 2987 826 3070 regione
850 2985 1014 3064 Gebalena,
1037 3009 1181 3069 possessa
1203 2990 1362 3070 quondam
1384 3011 1402 3050 a
1425 2986 1508 3051 duai-

149 3099 183 3154 20
199 3083 258 3148 bus
280 3083 391 3149 Edom.

761 3251 809 3315 De
830 3251 949 3317 Exodo.

285 3381 452 3465 Magdolos
473 3387 513 3446 ad
535 3405 630 3467 quam
652 3384 711 3448 filii
731 3383 835 3463 lsrael,
868 3406 938 3448 eum
963 3386 1100 3450 exissent
1121 3389 1159 3450 de
1181 3387 1337 3470 Aegypto,
1359 3407 1509 3468 peruene-

201 3487 273 3544 runt
288 3485 458 3565 antequam
473 3482 643 3548 transirent
657 3506 742 3548 mare
758 3485 896 3549 rubrum.
928 3484 1063 3568 legimus
1079 3488 1109 3548 et
1123 3485 1155 3546 in
1170 3483 1334 3550 lezachiel:
1353 3488 1409 3549 »de
1421 3484 1508 3568 Mag-

283 4074 347 4146 ‚um
366 4075 422 4145 vgl.
434 4077 507 4131 Hier.
526 4095 623 4132 oomm.
641 4079 671 4131 in
685 4077 731 4131 Jes
743 4077 784 4142 60,
802 4077 830 4130 6:
849 4076 963 4130 Madian
981 4079 1009 4131 et
1027 4076 1106 4148 tha
1123 4077 1248 4145 regiones
1266 4079 1330 4130 sunt
1346 4079 1423 4132 trans
1442 4083 1509 4132 Ara·

201 4175 284 4242 biam,
303 4177 407 4231 fertiles
426 4177 601 4244 camdenum,
619 4178 763 4246 omnisque
780 4177 922 4248 prouincia
934 4178 1091 4247 appellatur
1102 4177 1186 4246 Saba;
1205 4195 1301 4234 eomm.
1314 4179 1343 4232 in
1356 4180 1394 4234 lla
1407 4183 1447 4245 35,
1462 4182 1509 4236 lff.

204 4277 241 4332 12
252 4277 286 4333 u.
305 4277 360 4347 vgl.
379 4277 452 4332 Hier.
472 4295 568 4333 comm.
587 4281 614 4332 in
627 4279 700 4348 Soph
712 4281 774 4333 effi:
793 4279 876 4333 Moab
896 4296 966 4347 qnae
984 4296 1057 4332 nune
1068 4279 1208 4351 Areopolis
1227 4280 1393 4350 appellatur;
1412 4298 1509 4337 comm.

201 4379 230 4432 in
248 4378 293 4433 Jes
313 4383 352 4445 15,
373 4382 387 4433 1
425 4381 495 4435 lar.
514 4381 571 4450 vgl.
583 4381 656 4435 Hier.
675 4398 773 4435 eomm.
792 4381 821 4433 in
835 4385 918 4435 Amos
931 4383 954 4444 2,
975 4381 1035 4433 1ff.:
1055 4381 1137 4435 Moab
1155 4381 1201 4435 uel
1219 4382 1393 4452 metropolim
1406 4383 1510 4437 Moabi-

200 4483 291 4534 tarum
310 4499 327 4534 a
345 4499 400 4550 qua
414 4485 474 4537 tota
492 4486 533 4536 est
551 4481 692 4552 appellata
710 4482 851 4552 prouincia
869 4482 914 4536 uel
934 4482 1089 4536 uniuersam
1108 4483 1278 4552 prouinciam

286 4651 442 4706 tCethura
454 4651 692 4706 ABOcetturaH
738 4651 1125 4720 tleterouferdhaeoAGH
1170 4651 1509 4722 thomonymosdlBOH)
