3780 5536
814 465 1004 535 Hieronymus.
1524 468 1562 528 71

161 645 244 699 ΑΘΗ
341 637 401 705 Gai
422 637 515 704 uallis
536 638 604 704 siue
624 641 837 722 praeruptum.
1503 706 1507 714 ,

342 738 517 819 Geennom,
548 739 633 821 quod
662 736 886 820 interpretatur
915 734 1009 800 uallis
1040 733 1174 799 Ennom.
1217 738 1248 798 et
1277 732 1317 796 ab
1347 731 1405 797 hae
1436 729 1565 814 quidam

258 842 371 920 putant
391 836 582 920 appellatam
604 858 766 920 geennam.
809 835 922 901 oeoidit
943 839 1048 900 autem
1069 835 1104 900 in
1124 838 1241 900 sortem
1270 831 1371 896 tribus
1397 827 1564 894 Beniamin

252 937 340 1002 iuxta
360 958 485 1002 murum
507 936 677 1002 Ierusalem
699 940 808 1001 eontra
829 935 989 1000 orientem.
1010 957 1099 1016 saper
1119 957 1181 1016 qua
1200 938 1236 998 ia
1255 935 1340 998 libris
1353 933 1565 995 Hebraioarum

220 1051 236 1105 5
253 1042 463 1119 quaestionum
478 1041 602 1118 plenius
623 1041 735 1100 dietum
756 1045 806 1100 est.

338 1136 522 1202 Geththefer
542 1136 576 1200 in
597 1135 682 1200 tribu
704 1133 855 1200 Zabulon.

337 1251 511 1334 Geefthael,
532 1252 565 1316 id
588 1257 635 1318 est
655 1251 750 1317 uallis
772 1249 908 1329 Eithael,
929 1251 962 1315 in
983 1250 1069 1314 tribu
1090 1246 1240 1314 Zabulon.

337 1368 503 1435 Gabathon
524 1371 556 1434 in
579 1369 665 1433 tribu
686 1368 766 1448 Dan,
789 1367 902 1432 oiuitas
924 1371 1067 1450 separata
1087 1365 1215 1431 Leuitis.
1257 1365 1305 1427 est
1326 1381 1453 1444 quoque
1474 1358 1563 1442 oppi-

254 1471 337 1548 dum,
368 1472 455 1553 quod
484 1474 617 1534 uooatur
647 1467 742 1546 Gaba,
773 1468 806 1531 in
832 1471 920 1532 sexto
948 1466 1070 1533 deoimo
1092 1464 1226 1531 miliario
1249 1460 1428 1538 Caesareae,
1450 1457 1564 1522 atalia

204 1577 237 1632 10
253 1567 332 1632 uilla
355 1567 497 1633 Gabatha
515 1570 548 1633 in
570 1568 686 1633 finibus
708 1566 935 1633 Diocaesareaa
956 1566 1045 1630 iuxta
1067 1567 1219 1651 grandem
1240 1581 1385 1644 eampum
1406 1557 1564 1642 Legionis,

253 1689 312 1733 neo
332 1690 397 1733 non
419 1673 450 1732 et
471 1666 579 1733 Gabaa
601 1670 633 1732 et
648 1667 792 1732 Gabatha
813 1664 912 1730 uiouli
927 1671 1036 1732 eontra
1050 1664 1234 1730 orientalem
1251 1661 1380 1746 plagam
1394 1658 1562 1724 Daromae.

252 1769 307 1832 sed
330 1771 361 1832 et
382 1766 444 1832 alia
467 1766 610 1831 Gabatha
629 1767 663 1830 in
683 1765 769 1830 tribu
790 1764 965 1844 Beniamin,
987 1764 1043 1829 ubi
1064 1764 1126 1828 fuit
1147 1766 1258 1829 domus
1280 1757 1364 1826 Saul.
1408 1757 1557 1843 alienige·

252 1889 363 1931 narum
386 1888 514 1950 quoque
535 1867 569 1930 in
589 1866 772 1950 Regnorum
795 1863 885 1929 libris
907 1867 1062 1949 quaedam
1083 1862 1227 1928 Gabatha
1252 1862 1401 1927 scribitur
1423 1863 1454 1922 et
1474 1857 1563 1922 iuxta

252 1965 416 2031 Bethleem
438 1965 472 2030 in
493 1965 579 2030 tribu
600 1964 705 2031 Iudae.

202 2095 235 2148 15
338 2081 562 2147 Gethremmon
588 2081 651 2145 alia
677 2081 789 2146 oiuitas
814 2081 848 2144 in
869 2081 955 2144 tribu
976 2079 1056 2158 Dan,
1078 2082 1222 2162 separata
1241 2077 1367 2144 Leuitis.
1390 2083 1437 2145 est
1458 2084 1562 2144 autem

252 2202 336 2246 nune
357 2180 436 2246 uilla
456 2181 641 2264 pergrandis
663 2181 696 2245 in
718 2179 904 2246 duodecimo
926 2178 1062 2244 miliario
1084 2177 1273 2262 Diospoloos
1294 2179 1497 2263 pergentibus
1523 2181 1564 2243 ad

253 2301 322 2344 eam
344 2283 383 2344 de
404 2279 653 2364 Eleutheropoli.

335 2395 475 2462 Galiloth
496 2395 586 2461 loeus
607 2397 696 2460 iuxta
716 2395 882 2461 Iordanem
903 2395 937 2460 in
960 2395 1045 2460 tribu
1060 2394 1235 2474 Beniamin,
1250 2393 1305 2459 ubi
1321 2392 1417 2459 altare
1433 2395 1561 2460 domino

255 2495 487 2562 constituerunt
508 2495 567 2560 filii
588 2494 709 2560 Ruben.

202 2621 236 2678 20
337 2609 418 2676 Gaas
439 2633 530 2678 mons
552 2611 586 2675 in
606 2611 691 2676 tribu
712 2610 842 2690 Efraim,
867 2612 902 2676 in
928 2611 1017 2676 euius
1039 2609 1276 2694 septentrionali
1301 2595 1397 2693 plaga
1419 2608 1561 2692 sepultus

253 2715 300 2775 est
321 2709 409 2776 Iesus
431 2709 516 2776 filius
538 2707 638 2776 Naue.
674 2715 705 2776 et
726 2733 827 2795 usque
850 2711 945 2776 hodie
966 2711 1054 2774 iuxta
1068 2709 1174 2774 uicum
1189 2707 1364 2773 Thamnam
1381 2707 1561 2792 sepulerum

252 2809 320 2875 eius
341 2808 464 2893 insigne
487 2813 686 2874 monstratur.

335 2925 477 2991 Gabaath
503 2926 536 2990 in
563 2926 648 2991 tribu
675 2925 840 2990 Beniamin
866 2928 941 2992 urbs
967 2924 1080 2991 Finees
1101 2925 1159 2990 filii
1179 2923 1318 3003 Eleazar,
1340 2923 1396 2988 ubi
1417 2921 1558 3006 sepultus

253 3030 301 3090 est
330 3024 508 3092 Eleazarus.
555 3031 603 3090 est
632 3029 736 3090 autem
765 3048 851 3092 nune
881 3026 1025 3091 Gabatha
1053 3024 1131 3090 uilla
1161 3024 1194 3088 in
1210 3023 1222 3108 ll
1237 3023 1423 3089 duodecimo
1453 3020 1559 3107 lapide
1576 3035 1625 3092 129

202 3139 235 3193 25
252 3123 542 3207 Eleutheropoleos,
563 3125 619 3189 ubi
641 3128 672 3188 et
693 3127 872 3209 sepulerum
893 3125 1045 3190 Abbaeuo
1066 3124 1208 3208 profetae
1229 3122 1412 3189 ostenditur.

335 3339 483 3407 Gabaam.
514 3363 615 3426 usque
635 3344 675 3406 ad
696 3343 777 3407 hane
790 3341 944 3406 bellatum
967 3345 1014 3408 est
1034 3346 1145 3408 eontra
1158 3341 1276 3406 tribum
1288 3339 1463 3421 Beniamin,
1477 3339 1561 3405 sieut

250 3443 283 3507 in
304 3439 386 3507 libro
408 3442 558 3507 Judieum
580 3442 736 3507 scribitur.

336 4167 397 4222 aa.
415 4167 472 4236 ugl.
489 4164 563 4222 Hier.
583 4184 680 4222 comm.
697 4168 728 4222 in
745 4168 791 4223 Jer
804 4172 827 4237 7,
845 4169 891 4234 313
910 4185 1008 4224 oomm.
1025 4168 1055 4222 in
1066 4168 1159 4222 Matth
1171 4170 1211 4229 10,
1230 4167 1263 4224 28
1316 4167 1398 4225 lan.
1417 4169 1472 4240 egl.
1484 4167 1558 4224 Hier.

250 4284 347 4322 eomm.
367 4267 397 4322 in
414 4268 471 4323 Hos
489 4271 513 4334 5,
526 4269 580 4324 St:
598 4267 667 4322 istae
685 4271 778 4324 autom
795 4269 866 4325 duae
884 4269 993 4324 suntin
1010 4267 1085 4324 tribu
1104 4267 1249 4323 Beniamin
1266 4267 1373 4324 uicinae
1392 4269 1446 4324 sibi
1463 4272 1558 4326 mutuo

250 4367 385 4436 ciuitates,
403 4369 493 4424 idest
512 4369 616 4432 Gabaa,
635 4368 664 4421 in
682 4386 737 4438 qna
753 4372 835 4424 natus
852 4372 895 4424 est
913 4370 987 4438 Saul,
1006 4371 1034 4424 et
1051 4369 1147 4436 Rama,
1165 4387 1235 4440 quae
1253 4373 1296 4426 est
1311 4370 1392 4426 iuxta
1409 4370 1506 4426 Gabaa

336 4536 507 4593 2111101110
555 4537 978 4598 oea-Dionaeam&
1027 4540 1218 4600 11ot¹<a
1267 4539 1564 4607 'etGabaaet<H

251 4637 319 4694 let.
338 4635 374 4691 ab
392 4655 426 4692 ee
443 4637 680 4710 Eleutheropolim
704 4638 827 4693 Vallarsa'
861 4639 901 4696 24
919 4639 1013 4712 lapide
1034 4640 1087 4698 (ΞΗ
1099 4639 1219 4696 miliario
1236 4641 1289 4697 AB
1322 4643 1360 4698 25
1379 4641 1560 4696 AmbaouoO
