3780 5536
796 469 986 541 Hieronymus.
1506 481 1546 542 67

143 649 228 706 AOH
241 643 392 709 oumoidit
414 645 445 706 et
466 640 583 724 paseha
605 638 776 704 celebrauit
798 660 834 705 ae
856 638 1020 705 deficiente
1041 660 1156 702 manna
1177 639 1309 707 triticeis
1322 643 1456 726 panibus
1471 662 1546 707 usus

241 746 289 806 est
309 740 415 806 Israel.
443 739 477 804 in
497 741 567 822 ipso
588 738 659 805 loeo
681 739 802 822 lapides
825 760 959 823 quoque,
981 760 1061 822 quos
1077 740 1115 803 de
1130 738 1220 805 alueo
1236 739 1378 808 Iordanis
1398 741 1546 812 tulerunt,

241 844 425 905 statuerunt.
467 838 523 904 ubi
551 843 582 904 et
603 839 841 904 tabernaculum
866 838 1039 903 testimonii
1064 837 1161 902 fixum
1187 838 1289 904 multo
1314 845 1456 924 tempore
1477 839 1547 905 fuit

239 939 352 1006 recidit
373 945 480 1004 autem
501 937 535 1002 in
556 941 673 1003 sortem
693 938 795 1004 tribus
816 937 920 1004 Iudae.
964 943 995 1002 et
1016 937 1193 1003 ostenditur
1217 960 1317 1023 usque
1344 939 1437 1005 hodie
1457 938 1546 1003 loeus

204 1058 221 1112 5
239 1043 380 1105 desertus
402 1038 435 1102 iu
458 1040 594 1103 seeundo
617 1035 757 1103 Ieriohus
778 1038 922 1118 miliario,
944 1039 983 1103 ab
1004 1036 1090 1102 illius
1111 1038 1250 1121 regionis
1264 1038 1451 1104 mortalibus
1466 1039 1546 1104 miro

240 1138 327 1204 oultu
348 1139 485 1203 habitus.
526 1141 581 1203 sed
603 1142 634 1203 et
656 1139 744 1203 iuxta
757 1136 872 1204 Bethel
893 1137 1021 1221 quidam
1040 1136 1135 1201 aliam
1155 1135 1320 1221 Galgnlsm
1340 1138 1547 1222 suspicantur.

322 1337 380 1402 Gai
408 1339 498 1402 iuxta
518 1337 664 1402 Bethaun
695 1339 728 1401 st
747 1336 869 1416 Bethel‚
900 1358 995 1428 quam
1021 1337 1215 1420 expugnauit
1239 1333 1335 1418 Iesus,
1361 1356 1436 1421 rege
1460 1337 1547 1402 iilius

238 1437 415 1502 interfecto.
446 1442 478 1502 et
498 1437 657 1502 habitauit
677 1436 711 1501 in
725 1436 781 1500 illa
803 1438 962 1520 quondam
977 1437 1055 1500 eitra
1069 1434 1234 1500 Iordanem
1246 1435 1448 1515 Amorraeus
1463 1457 1547 1502 nuno

241 1539 382 1602 desertus
404 1541 527 1602 tantum
549 1537 727 1603 ostenditur
746 1536 845 1601 loeus.

190 1657 223 1710 10
318 1635 329 1720 ΙΙ
346 1636 484 1717 Gabaon,
505 1639 588 1701 unde
611 1635 804 1702 Gabaonitae
825 1634 983 1718 supplices
1004 1638 1159 1699 uenerunt
1179 1636 1219 1698 ad
1240 1632 1352 1700 Iesum.
1383 1637 1450 1699 erat
1471 1634 1547 1700 oiim
1565 1646 1616 1701 127

240 1735 424 1819 metropolis
447 1741 479 1800 et
499 1735 614 1820 regalis
637 1734 748 1800 ciuitas
766 1733 953 1814 Bassorum,
969 1733 1143 1816 ceciditque
1157 1735 1190 1798 iu
1205 1737 1322 1798 sortem
1336 1734 1437 1798 tribus
1452 1733 1547 1797 Beni·

241 1834 335 1900 amin.
372 1840 403 1900 et
424 1858 508 1900 nune
529 1835 705 1900 ostenditur
725 1833 804 1899 uilia
825 1838 936 1900 eodem
957 1834 1084 1898 nomine
1105 1832 1138 1896 in
1153 1836 1265 1916 quarto
1280 1832 1417 1898 miliario
1432 1832 1548 1897 Bethe-

240 1934 281 1998 lis
303 1939 413 2000 eontra
438 1933 663 2000 occidentalem
689 1933 817 2018 plagam
842 1935 930 1998 iuxta
960 1933 1061 1998 Rama
1082 1935 1115 1997 et
1135 1931 1298 2010 Remmon‚
1320 1932 1375 1996 ubi
1398 1930 1547 1997 Salomon

240 2033 353 2100 hostiis
374 2033 544 2100 immolatis
567 2033 709 2098 diuinum
730 2032 845 2098 meruit
866 2032 1037 2097 oraoulum.
1066 2031 1128 2096 fuit
1142 2035 1247 2096 autem
1270 2035 1301 2096 et
1320 2030 1390 2114 ipsa
1405 2035 1548 2115 separata

192 2154 225 2206 15
242 2131 370 2198 Leuitis.

327 2229 413 2296 Gaba
435 2231 529 2297 sortis
550 2231 728 2297 Beniamin.
771 2236 801 2296 et
821 2232 899 2296 haeo
919 2230 1038 2296 Leuitis
1060 2230 1171 2296 ciuitas
1193 2233 1346 2313 separata.

327 2429 425 2494 Gezer
446 2430 479 2495 in
501 2434 584 2496 sorte
606 2429 707 2496 tribus
727 2429 857 2494 Efraim.
878 2432 954 2495 urbs
976 2434 1119 2512 separata
1139 2428 1265 2508 Leuius,
1288 2450 1383 2513 quam
1401 2434 1432 2495 et
1446 2437 1547 2514 ipsam

243 2529 437 2613 expugnauit
458 2529 545 2596 lesus
567 2549 641 2624 rege
668 2529 754 2594 illius
777 2525 960 2595 'interfecto
1003 2528 1167 2594 aedificata
1193 2532 1240 2593 est
1266 2533 1372 2594 autam
1399 2535 1548 2612 postona

244 2627 421 2695 Salomone.
468 2650 552 2693 nuno
583 2628 702 2693 Gazara
731 2629 809 2694 uilla
839 2628 954 2694 dicitur
982 2629 1015 2693 in
1046 2633 1158 2712 quarto
1189 2627 1324 2694 miliario
1355 2625 1548 2712 Nioopoleos

331 4550 475 4606 iBethan
500 4554 583 4623 ΒΘΗ
605 4556 649 4622 (<
666 4556 701 4623 Α)
807 4556 844 4611 12
872 4553 968 4610 eodem
993 4555 1105 4610 nomine
1130 4554 1200 4610 uilla
1220 4557 1246 4609 A
1356 4556 1393 4612 lt
1420 4555 1496 4611 Gebe
1524 4557 1550 4616 A

248 4651 285 4707 18
303 4653 399 4721 postea
415 4661 448 4714 <
470 4653 493 4710 0
1392 4691 1396 4696 .

1308 4740 1343 4795 5*
