3780 5536
783 467 973 538 Hieronymus.
1490 477 1530 537 ’Π

126 641 211 696 ACH
305 635 399 718 Drys,
420 640 454 700 ul
473 645 516 700 eet
536 657 664 717 quaeres,
686 635 829 703 Mambre
842 637 931 703 iuxta
946 637 1100 716 Ohebron,
1122 659 1203 722 quae
1223 657 1324 720 usque
1342 639 1382 700 ad
1396 640 1531 701 aetatem

221 739 370 818 infantae
400 757 481 800 auae
510 746 537 799 et
569 740 738 802 Constantii
765 742 844 818 reyis
873 743 1036 819 imper-ium
1070 736 1266 802 terebinthus
1296 737 1532 802 monstrabatur

221 839 369 918 peruetus
398 838 429 898 et
459 855 558 899 annos
585 835 803 920 magnitudine
832 837 985 916 indieans,
1016 838 1075 903 sub
1107 859 1170 921 qua
1198 836 1355 903 habitauit
1383 837 1531 902 Abraam.

221 934 301 999 miro
323 939 428 998 autem
450 934 537 998 oultu
558 936 597 999 ab
620 935 752 1000 ethnicis
773 936 883 1001 habita
898 941 946 1001 est
961 941 992 1001 et
1005 937 1105 1002 ueluti
1121 940 1258 1021 quodam
1273 935 1391 1020 insigni
1405 937 1531 1002 nomine

188 1038 412 1103 ooonseorata.

304 1133 478 1199 Damascus
500 1133 615 1200 nobilis
636 1136 712 1200 urbs
733 1134 896 1202 Faenioes.
938 1139 1047 1202 eodem
1069 1141 1175 1200 autem
1196 1134 1352 1200 uoeebulo
1374 1140 1406 1200 et
1425 1135 1531 1202 Masso

221 1232 354 1298 anoillae
371 1233 507 1299 Abraam
529 1234 614 1299 filius
636 1234 814 1318 appellatus
836 1239 891 1301 est
921 1259 1014 1318 porro
1029 1241 1127 1302 Museo
1148 1240 1221 1317 quid
1241 1239 1300 1298 sibi
1312 1240 1385 1300 uelit
1398 1241 1433 1300 in
1446 1240 1531 1300 labris

222 1337 435 1398 Heraemrum
464 1340 673 1415 quaestionum
697 1339 819 1416 plenius
848 1341 1018 1417 disputaret,
1048 1340 1095 1400 hio
1124 1345 1244 1399 tantum
1272 1339 1440 1416 intraretis
1461 1359 1532 1400 sum

221 1438 345 1513 firman
365 1438 477 1514 officio,
492 1456 556 1498 non
577 1456 635 1515 quo
656 1439 797 1498 aneilbzm
818 1440 933 1501 Abraae
954 1441 1053 1501 Museo
1073 1443 1280 1515 nuncupatam
1298 1438 1429 1514 probem.

172 1543 206 1597 10
305 1532 377 1598 Dan
398 1532 522 1598 uioulus
543 1533 576 1597 in
598 1538 710 1617 quarto
732 1558 751 1600 a
773 1535 919 1600 Paneade
939 1534 1075 1599 miliario
1098 1533 1245 1598 euntibus
1259 1532 1387 1616 Tyrum,
1408 1532 1462 1616 qui
1480 1554 1531 1596 us-

223 1653 284 1716 que
305 1611 466 1698 hodie‘sio
480 1637 621 1710 uocatur,
642 1636 794 1700 terminus
808 1634 942 1700 Iudaeae
956 1634 1138 1718 prouinciae
1156 1636 1265 1698 contra
1279 1633 1531 1715 septentrionem,

221 1735 259 1795 de
289 1752 352 1815 quo
384 1737 415 1796 ot
435 1730 577 1798 Iordanis
607 1731 725 1798 flumen
756 1756 921 1817 erumpens
955 1733 1066 1800 alono
1088 1733 1219 1798 sortitus
1247 1736 1295 1797 est
1315 1753 1438 1797 nomen.
1480 1730 1532 1796 Ior

223 1831 340 1915 quippe
362 1827 503 1916 ῥεῖθρον
523 1837 557 1896 id
576 1841 621 1896 est
639 1838 774 1914 fluuium
795 1839 860 1899 siue
880 1839 986 1899 nuum
1009 1831 1147 1899 Hebraei
1168 1836 1292 1896 uoeent.

305 1930 460 1995 Dennaba
490 1931 601 1997 oiuitas
623 1931 722 1998 Balao
743 1932 803 1997 filii
823 1934 908 1999 Beor
925 1932 1009 2017 regis
1030 1932 1149 2006 Edam,
1178 1935 1251 2014 post
1272 1952 1366 2014 quem
1387 1931 1533 2014 regnauit

174 2043 206 2096 15
224 2031 289 2108 Iob,
312 2035 375 2094 ta'oet
394 2035 472 2095 miti
492 2036 576 2111 lonye
596 2036 681 2096 aliter
701 2038 848 2098 uideatur.
891 2037 923 2097 et
945 2037 993 2098 est
1013 2053 1113 2116 usque
1133 2031 1228 2097 hodie
1248 2030 1326 2094 uilla
1340 2029 1484 2094 Dennaia
1497 2029 1532 2094 in

225 2135 337 2196 ootauo
368 2129 503 2194 miliario
532 2130 727 2213 Areopoleos
757 2132 969 2217 pergenltibus
991 2133 1166 2212 Arnonem,
1198 2133 1229 2195 et
1258 2130 1357 2194 altera
1377 2129 1532 2196 Dennaba
1550 2140 1599 2193 115

223 2234 476 2312 supermontem
497 2227 603 2312 Fogor
623 2230 657 2294 in
677 2231 810 2314 septimo
832 2231 937 2315 lapide
959 2230 1072 2296 Esbus.

306 2328 458 2393 Dothaim
487 2329 542 2393 ubi
572 2329 693 2394 inuenit
713 2329 802 2395 Iosef
827 2330 940 2397 fratres
970 2352 1044 2396 suos
1073 2351 1188 2414 peoora
1208 2335 1385 2412 pascentes,
1415 2329 1471 2412 qui
1501 2334 1533 2394 et

224 2449 325 2511 usque
346 2427 439 2492 bodio
468 2428 501 2493 in
523 2430 709 2495 duodecimo
735 2453 754 2493 e
776 2428 906 2496 Sebaste
925 2430 1061 2495 miliario
1085 2433 1193 2494 oontra
1212 2428 1383 2513 Aquilonis
1404 2427 1533 2512 plagam

174 2539 208 2594 ‘20
225 2526 407 2591 ostenditur.

602 2711 650 2776 De
671 2710 820 2778 Numerio
842 2718 874 2778 et
893 2711 1151 2778 Deuteronomio.

307 2859 426 2936 Debon,
449 2879 530 2942 quae
545 2865 576 2925 et
589 2859 704 2940 Dibon,
725 2863 759 2927 in
780 2863 948 2930 solitudine
963 2866 1067 2928 eastra
1080 2859 1218 2927 filiorum
1232 2860 1338 2926 IsraeL
1367 2864 1533 2926 astantem

226 2962 257 3022 et
277 2957 340 3024 alia
360 2957 475 3036 Dibon,
496 2959 574 3025 uilla
594 2961 779 3046 pergrandis
809 2961 897 3026 iuxta
917 2962 1087 3040 Annonem,
1118 2982 1199 3045 quae
1220 2982 1292 3026 aum
1314 2961 1400 3044 prius
1422 2960 1534 3026 fuisset

225 3057 364 3123 filiorum
386 3056 490 3138 Moab,
512 3063 636 3143 etpost
657 3083 727 3125 eam
749 3060 831 3127 Seon
852 3083 908 3126 rex
921 3062 1169 3128 Amorraeorum
1189 3059 1267 3124 belli
1287 3059 1356 3125 iura
1373 3061 1532 3138 tenuisset,

175 3178 208 3233 25
227 3181 245 3222 a
266 3157 340 3222 filiis
354 3156 453 3223 Israel
474 3163 566 3244 eapte
586 3164 681 3243 atque
701 3182 847 3244 possessa
867 3162 901 3225 in
922 3165 1045 3245 partem
1059 3159 1147 3225 uenit
1168 3160 1269 3224 tribus
1286 3159 1362 3226 Gad.
1389 3159 1534 3226 meminit

227 3258 320 3322 huius
342 3255 489 3324 Ieremias
511 3263 543 3324 et
563 3259 673 3325 Esaias
694 3260 728 3325 in
749 3259 871 3326 uisione
893 3265 1004 3324 eontra
1025 3259 1130 3325 Moab.

308 3455 484 3541 Debongad
506 3463 608 3524 eastra
628 3459 767 3525 filiorum
788 3459 894 3525 Israel.

314 3705 364 3760 Η.
383 3703 456 3760 Hier.
483 3707 586 3776 quaest.
612 3705 642 3761 in
669 3706 728 3761 Gen
754 3707 779 3761 S.
806 3708 850 3770 24,
878 3707 923 3762 33:
957 3705 1006 3762 ubi
1036 3723 1086 3762 nos
1111 3705 1244 3761 babemus
1273 3708 1316 3762 »et
1343 3705 1416 3760 filius
1442 3707 1535 3762 Mases

226 3807 391 3861 uernaculae
416 3823 494 3862 meae
518 3808 615 3863 haeres
640 3825 717 3862 mens
741 3808 812 3863 erit«
831 3808 861 3862 in
878 3807 997 3863 hebraeo
1020 3807 1149 3878 seriptum
1169 3810 1211 3862 est
1229 3807 1354 3862 »masech
1370 3807 1463 3862 bethi«
1482 3811 1533 3863 eto

228 3908 267 3963 la
284 3908 340 3978 agl.
359 3908 431 3963 Hier.
458 3911 562 3976 quaest
589 3908 618 3962 in
636 3909 696 3964 Gen
714 3911 739 3964 S.
756 3912 802 3977 24,
821 3911 849 3966 3:
878 3913 921 3965 »et
946 3913 1102 3980 persecutns
1129 3912 1170 3964 est
1196 3925 1242 3964 eos
1267 3925 1354 3977 neque
1378 3909 1463 3964 Dan«.
1499 3909 1534 3964 ed

228 4009 372 4066 Phoenicia
398 4010 535 4081 oppidum,
562 4010 637 4079 quod
662 4028 736 4065 anno
753 4010 859 4066 Paneas
886 4011 993 4067 dieitur.
1032 4011 1093 4065 Dan
1123 4013 1215 4065 autem
1232 4027 1302 4066 unus
1320 4027 1336 4066 e
1353 4009 1475 4066 sontibus
1493 4013 1535 4064 est

228 4109 360 4166 Iordanis.
394 4130 458 4167 nam
476 4115 505 4167 et
522 4112 593 4168 alter
608 4115 724 4168 uooatur
741 4113 793 4181 lor,
811 4112 885 4182 quod
896 4113 1093 4184 interpretetur
1109 4110 1235 4185 ῥεῖθρον,
1252 4112 1281 4166 id
1298 4115 1340 4167 est
1357 4111 1438 4166 rinus.
1468 4109 1533 4166 dno·

229 4211 279 4265 bus
296 4228 361 4282 ergo
379 4212 509 4276 fontibus,
536 4213 584 4282 qui
601 4214 677 4268 hand
693 4215 788 4285 proonl
807 4232 824 4269 a
841 4231 869 4270 se
887 4213 999 4281 distent,
1019 4214 1049 4268 in
1066 4231 1151 4270 unum
1168 4213 1289 4268 riuulum
1306 4211 1461 4278 foederatis,
1478 4211 1533 4266 Ior-

229 4313 307 4368 danis
333 4313 461 4386 deinceps
487 4314 654 4386 appellatum
681 4317 737 4387 vgl.
755 4333 853 4372 eornm.
870 4316 900 4370 in
917 4320 1001 4372 Amos
1019 4317 1044 4383 8,
1064 4315 1131 4371 111:
1158 4315 1220 4369 Dan
1244 4313 1275 4367 in
1300 4313 1424 4368 terminis
1445 4315 1534 4367 terrae

227 4415 353 4482 Iudaeae,
371 4415 419 4470 ubi
435 4433 509 4470 nuno
526 4418 633 4472 Paneas
650 4419 692 4472 est
709 4421 760 4472 eto.

314 4634 332 4689 2
351 4633 524 4691 Constantini
541 4637 599 4707 regi
618 4637 651 4690 H
715 4637 753 4692 18
771 4641 873 4710 ριθρον
891 4635 999 4690 ABOH
1063 4637 1102 4692 26
1120 4638 1301 4710 resonaturus
1319 4635 1398 4705 Affl)
