3752 5542
791 453 979 524 Hieronymus.

127 630 212 685 ΑΘΗ
312 623 437 688 Aehsaf
453 624 487 688 in
508 623 594 688 tribu
615 624 705 689 Aser.

311 722 490 788 Alimeleeh
512 725 606 789 sortis
627 723 715 789 Aser.

312 821 321 906 t
340 823 459 887 Amath
479 823 514 887 in
534 824 620 887 tribu
642 824 731 888 Aser.

312 923 428 987 Abdon
450 923 484 986 in
505 923 590 987 tribu
612 923 691 987 Aser
714 923 826 988 eiuitas
846 928 991 1007 separata
1011 920 1140 986 Leuitis.

194 1036 211 1090 5
314 1021 409 1087 Aniel
429 1022 463 1086 in
484 1023 569 1088 tribu
590 1025 679 1090 Aser.
713 1028 761 1088 est
775 1025 928 1106 quaedam
950 1022 1028 1087 uilla
1043 1021 1170 1087 nomine
1185 1019 1365 1085 Betoaenea
1378 1020 1411 1083 in
1427 1019 1537 1103 quinto

231 1121 353 1186 deoimo
382 1122 486 1204 lapide
517 1122 708 1189 aansarea
738 1123 799 1188 sita
819 1123 854 1187 in
874 1127 982 1187 monte
1004 1125 1114 1187 eontra
1135 1120 1319 1187 orientalem
1340 1118 1475 1203 plagam,
1504 1117 1537 1180 in

230 1242 293 1304 qua
315 1223 346 1285 et
366 1220 494 1285 lauaem
514 1222 661 1288 dicuntur
682 1245 749 1288 esse
771 1223 916 1287 salubria.

311 1320 440 1384 thran
461 1321 494 1386 in
515 1323 601 1388 tribu
623 1324 711 1390 Aser.

311 1418 450 1484 Ammon
471 1420 505 1485 in
525 1421 609 1486 tribu
631 1422 720 1488 Aser.

179 1522 212 1577 10
311 1519 421 1583 Aeeho
444 1540 524 1603 quae
554 1544 638 1586 nune
659 1522 834 1587 Ptolomais
856 1519 1040 1605 appellatur,
1071 1518 1164 1585 sortis
1185 1519 1273 1596 Aser,
1305 1521 1344 1583 de
1366 1540 1429 1602 qua
1449 1515 1538 1580 habi·

229 1622 347 1684 tatores
368 1619 518 1702 pristinos
539 1643 605 1686 non
627 1621 729 1705 quiuit
752 1621 914 1705 expellere.

310 1717 429 1782 Aehzif
454 1719 488 1784 in
517 1720 602 1785 tribu
623 1721 718 1796 Aser,
748 1721 782 1784 in
805 1743 868 1805 qua
889 1720 1081 1804 alienigenae
1102 1721 1349 1803 permanserunt.
1390 1718 1468 1782 haee
1491 1721 1538 1782 est

230 1816 377 1901 Ecdippa
396 1817 431 1881 in
451 1841 534 1884 nono
555 1819 692 1884 miliario
714 1819 922 1885 Ptolomaidis
943 1818 1147 1903 pergentibus
1168 1815 1297 1901 Tyrum.

310 2015 427 2081 Amma
448 2017 541 2083 sortis
563 2017 653 2082 Aser.

177 2121 209 2176 15
312 2115 393 2180 Afee
414 2117 508 2181 sortis
529 2117 618 2197 Aser,
640 2118 674 2182 in
696 2138 759 2201 qua
779 2117 971 2183 habitatores
992 2118 1118 2201 pristini
1139 2119 1385 2200 permanserunt

258 2383 259 2386 Ἴ
310 2315 464 2380 Ademme
484 2316 519 2381 in
539 2317 624 2381 tribu
646 2315 831 2381 Netthalim.

311 2414 464 2480 Aseddim
484 2416 519 2480 in
536 2415 621 2480 tribu
643 2414 829 2490 Nefthalim.

307 2514 426 2579 Amath
445 2516 480 2580 in
501 2515 586 2579 tribu
607 2513 793 2581 Nefthalim.

310 2613 426 2677 Adami
447 2614 480 2677 in
501 2614 587 2678 tribu
608 2613 794 2681 Neithalim.

174 2719 208 2774 20
308 2714 391 2778 Aser
432 2713 466 2777 in
512 2713 598 2779 tribu
641 2713 830 2794 Nauarum,
876 2738 971 2800 quarn
1014 2739 1068 2781 rex
1115 2715 1319 2797 Assyriorum
1365 2712 1534 2798 populasse

225 2811 381 2877 seribitur.

310 2912 455 2977 Azanoth
476 2912 629 2978 terminus
644 2911 828 2978 Nefthalim.
865 2918 912 2979 est
931 2917 1037 2979 autem
1059 2917 1091 2978 et
1111 2936 1195 2980 nuno
1215 2916 1305 2980 niens
1321 2916 1361 2978 ad
1375 2912 1535 2996 regionem

229 3009 453 3077 Diocaesareae
474 3013 635 3096 pertinens
656 3014 691 3077 in
712 3014 947 3097 campestribus.

313 3111 411 3178 Ailon
439 3111 515 3176 urbs
545 3113 639 3177 sortis
660 3113 744 3194 Dan,
774 3117 918 3194 separata
938 3111 1066 3178 lenitis.
1109 3119 1156 3177 est
1177 3116 1208 3177 et
1228 3112 1322 3178 hodie
1343 3111 1433 3177 uieus
1455 3111 1537 3174 Alus

180 3213 214 3268 25
231 3211 316 3274 haud
337 3211 449 3295 proeul
470 3234 489 3274 a
505 3209 662 3295 Nicopoli
697 3212 922 3295 sciendumque
938 3214 1024 3296 quod
1037 3233 1095 3295 pro
1109 3213 1206 3277 Ailon
1222 3211 1429 3296 Septuaginta
1442 3211 1537 3274 inter·

230 3315 334 3394 pretes
357 3311 522 3376 ediderunt
546 3313 619 3376 »ubi
640 3315 729 3376 erant
749 3312 844 3378 urei«.

321 4423 391 4483 1or.
410 4424 465 4495 vgl.
484 4425 558 4482 Hier.
576 4443 618 4496 ep.
637 4425 693 4490 108,
712 4425 742 4480 8:
760 4428 833 4482 Aeco
852 4421 940 4492 (Aeho
957 4421 1029 4492 Hsa.)
1048 4436 1119 4489 quae
1136 4436 1211 4475 nune
1227 4419 1377 4475 Ptolemais
1396 4419 1496 4474 dieitur

316 4629 444 4685 tlAmon
462 4629 522 4683 ΔΗ
594 4630 632 4687 18
650 4629 816 4686 EmathaO
882 4625 956 4685 241.
974 4627 1095 4684 Ahialon
1112 4623 1188 4698 (Α)0
1201 4622 1307 4680 Ahilon
1326 4623 1356 4677 Η

1555 835 1588 890 95
