3780 5536
798 527 988 598 Hieronymus.
1509 535 1549 599 69

19 783 24 788 Ι
144 703 232 759 AOH
245 701 354 762 eontra
380 697 632 781 septentrionem.
673 700 889 762 uerumtamen
920 698 1082 763 sciendum
1112 701 1199 783 quod
1227 697 1420 782 alienigenas
1451 721 1489 764 ex
1515 722 1551 764 en

245 795 368 862 Efreim
390 819 465 862 nom
485 796 591 879 potuit
612 793 774 879 expellere.

323 894 437 962 Geson.
481 897 618 961 sthene
640 895 833 979 expugnauit
854 895 950 962 Iesus.

323 995 413 1060 Geth.
455 995 489 1059 in
521 996 581 1060 hae
613 995 767 1080 gigantes,
798 996 855 1079 qui
883 998 1080 1062 uocabantur
1103 995 1245 1077 Eneoim,
1271 1001 1303 1062 et
1323 996 1550 1080 Fylistinorum

206 1107 222 1162 5
240 1095 365 1160 aeeolee
387 1100 634 1177 permenserunt.
678 1095 854 1161 ostenditur
879 1098 970 1162 uious
995 1097 1027 1161 in
1050 1097 1160 1181 quinto
1182 1096 1318 1163 miliario
1341 1098 1379 1162 eb
1401 1096 1550 1163 Eleuthe-

240 1194 342 1278 ropoli
364 1194 513 1259 euntibus
535 1193 722 1279 Diospolim.

321 1389 438 1458 Gesom
461 1393 575 1458 oiuitas
598 1394 854 1478 alienigenarum,
876 1415 957 1478 quea
984 1399 1031 1460 est
1064 1399 1096 1460 et
1126 1394 1258 1481 Gorgasi
1292 1397 1326 1462 in
1353 1395 1547 1478 Basanitide‚

238 1493 277 1556 de
298 1513 362 1576 qua
384 1491 442 1556 filii
464 1491 562 1558 Israel
582 1492 738 1576 expellere
759 1514 824 1558 non
845 1494 1014 1560 ualuerunt
1035 1494 1154 1561 Gesuri.

321 1692 432 1758 Gader.
475 1697 506 1758 et
527 1692 621 1758 huius
642 1713 749 1778 regem
768 1694 927 1760 interfecit
945 1695 1040 1761 Iesus.
1075 1694 1210 1780 legimus
1232 1699 1318 1782 quod
1331 1696 1426 1763 Iseob
1445 1701 1548 1778 „trans

188 1798 221 1878 10
238 1791 352 1856 turrim
375 1791 480 1857 Gader
501 1791 606 1858 fixerit
626 1793 864 1859 tabernaculum
886 1798 1008 1860 suum“.

321 1890 412 1956 Goim
434 1891 468 1955 in
491 1889 611 1976 Gelgeh
633 1895 718 1976 quod
740 1893 860 1977 Aquila
881 1897 913 1958 et
935 1892 1141 1976 Symmachus
1166 1895 1412 1978 interpretantur
1438 1901 1547 1982 gentes

236 2011 270 2053 m
293 1988 440 2173 G¹iilegleglel.
483 2094 515 2154 et
535 2091 617 2155 hano
634 2090 718 2174 eepit
739 2089 836 2157 Iesus.
880 2096 911 2158 et
925 2115 1010 2158 nune
1031 2093 1208 2159 ostenditur
1227 2093 1305 2158 uilla
1325 2095 1451 2161 nomine
1474 2096 1547 2161 Gal-

238 2186 320 2271 gulis
343 2188 382 2252 nb
403 2187 605 2272 Antipatride
626 2189 659 2253 in
681 2194 769 2257 sexto
791 2191 927 2258 miliario
950 2197 1058 2258 contra
1079 2194 1331 2277 septentrionem.

187 2404 218 2458 15
320 2385 534 2454 Golathmaim
554 2388 643 2454 loeus
666 2391 721 2474 qui
741 2391 966 2474 interpretetur
985 2391 1142 2473 possessio
1164 2414 1272 2476 aquae.

319 2483 428 2550 Gadda
448 2487 482 2551 in
503 2488 588 2552 tribu
609 2488 714 2554 Iudae.
742 2495 789 2554 est
803 2494 908 2554 sutem
929 2491 1086 2574 hodieque
1107 2490 1184 2556 uilla
1204 2493 1238 2556 in
1260 2493 1406 2559 extremis
1428 2494 1544 2561 finibus

234 2583 391 2651 Daromee
413 2591 522 2652 eontra
543 2587 696 2654 orientem
716 2589 885 2654 imminens
906 2589 986 2654 mari
1006 2593 1140 2656 mortuo.

318 2683 440 2750 Gedera
461 2686 494 2751 in
516 2687 601 2752 tribu
622 2687 728 2754 Iudee.
760 2711 844 2754 nune
865 2688 1043 2772 appellatur
1062 2688 1141 2753 uilla
1161 2694 1202 2754 ad
1222 2692 1384 2775 regionem
1406 2693 1543 2760 ciuitatis

235 2782 390 2849 Aeliensis
411 2785 570 2869 pertinens
593 2787 719 2852 nomine
739 2787 864 2854 Gndora
884 2789 968 2854 eirea
988 2789 1208 2855 terebinthum.

182 2901 217 2957 20
318 2882 423 2950 Gedur
443 2884 476 2948 in
495 2885 581 2950 tribu
603 2885 707 2951 Iudae.
750 2886 907 2971 hodieque
928 2893 1062 2955 uooatur
1083 2888 1203 2956 Gedru·
1225 2891 1315 2956 uieus
1330 2889 1342 2976 ΙΙ
1356 2894 1542 2977 pergrandis
1560 2896 1609 2953 128

232 2981 266 3046 in
289 2983 410 3050 decimo
432 2984 567 3051 miliario
589 2983 778 3069 Diospoleos
799 2987 1005 3071 pergentibus
1024 2986 1303 3074 Eleutheropolim.

317 3081 410 3147 Gabii
431 3088 514 3148 terre
536 3084 760 3170 Allofylorum.

314 3180 414 3247 Gison
434 3182 468 3247 in
489 3183 575 3250 tribu
596 3183 700 3250 Iudae.

315 3279 416 3347 Gelon
436 3281 470 3346 in
490 3283 576 3347 tribu
597 3283 702 3349 Iudae.

180 3397 214 3454 25
315 3379 474 3445 Gaderoth
496 3381 530 3446 in
551 3382 637 3447 tribu
658 3383 764 3449 Iudae.

314 3477 542 3546 Gethremmon
563 3482 597 3545 in
617 3482 703 3547 tribu
725 3482 870 3549 Menesse
890 3485 1002 3551 ciuitas
1024 3492 1167 3571 seperate
1188 3486 1314 3553 Leuitis.

314 4129 450 4201 411.ng
468 4131 543 4187 Eiet.
561 4149 659 4186 eornm.
676 4131 707 4185 in
724 4132 799 4187 Mioh
817 4137 840 4197 1,
859 4134 903 4188 10:
932 4133 1005 4188 Geth
1023 4177 1030 4191 .
1048 4177 1055 4191 .
1073 4175 1079 4189 .
1098 4152 1154 4189 une
1170 4137 1213 4191 est
1230 4134 1264 4191 de
1282 4134 1404 4205 quinque
1421 4135 1535 4191 urbibus

229 4227 410 4299 Palaestinae,
436 4232 529 4288 uicina
546 4233 665 4288 Iudaeae
690 4232 817 4299 confinio,
844 4236 872 4289 et
889 4234 923 4288 de
940 4234 1149 4306 Eleutheropoli
1178 4235 1306 4291 euntibus
1333 4237 1435 4292 Geram
1461 4255 1536 4293 nuno

227 4348 314 4402 usque
330 4331 408 4387 uieus
425 4334 471 4388 uel
488 4334 632 4396 maximus,
650 4333 723 4389 unde
741 4334 795 4389 fuit
806 4334 920 4391 Goliath
936 4336 986 4392 ille
999 4337 1138 4392 Gethaeus
1154 4341 1205 4393 ete.

313 4502 327 4557 7
350 4502 460 4573 Gesom]
481 4503 498 4557 1.
517 4504 664 4559 Gesurim‘?
683 4503 811 4573 Gergassi
831 4505 857 4558 A
878 4503 994 4576 Gorgasi
1006 4505 1039 4559 H
1103 4507 1142 4561 10
1158 4509 1262 4562 turrem
1273 4507 1333 4562 ΑΗ
1347 4510 1537 4564 torrentemO

228 4602 266 4657 18
283 4604 326 4658 et²
342 4603 383 4656 Va
396 4615 429 4664 <
441 4603 548 4660 ABOH
627 4607 631 4674 Ι
647 4604 773 4675 Gslgalis
794 4603 848 4660 OH
946 4607 984 4662 lo
1003 4606 1114 4662 Gadara
1134 4606 1282 4664 oeedora
1298 4608 1346 4663 H*
1364 4607 1475 4666 Gadora
1492 4609 1532 4664 11²

227 4704 267 4758 20
285 4701 416 4759 Gahedur
433 4703 508 4773 [AW
579 4708 584 4772 Ι
599 4705 700 4761 Codrus
718 4707 744 4760 A
763 4707 801 4762 25
821 4706 962 4764 Gederoth
978 4709 1004 4762 A
