<?xml version="1.0" encoding="UTF-8"?>
<!DOCTYPE html PUBLIC "-//W3C//DTD XHTML 1.0 Transitional//EN"
    "http://www.w3.org/TR/xhtml1/DTD/xhtml1-transitional.dtd">
<html xmlns="http://www.w3.org/1999/xhtml" xml:lang="en" lang="en">
 <head>
  <title>
</title>
<meta http-equiv="Content-Type" content="text/html;charset=utf-8" />
  <meta name='ocr-system' content='tesseract 3.04.00' />
  <meta name='ocr-capabilities' content='ocr_page ocr_carea ocr_par ocr_line ocrx_word'/>
</head>
<body>
  <div class='ocr_page' id='page_1' title='image "./diegriechischen02religoog/diegriechischen02religoog_0060.png"; bbox 0 0 3752 5542; ppageno 0'>
   <div class='ocr_carea' id='block_1_1' title="bbox 329 441 1051 516">
    <p class='ocr_par' dir='ltr' id='par_1_1' title="bbox 329 441 1051 516">
     <span class='ocr_line' id='line_1_1' title="bbox 329 441 1051 516; baseline -0.003 -19"><span class='ocrx_word' id='word_1_1' title='bbox 329 457 348 516; x_wconf 81' lang='grc'><strong>4</strong></span> <span class='ocrx_word' id='word_1_2' title='bbox 910 441 1051 498; x_wconf 81' lang='lat' dir='ltr'>Eusebius.</span> 
     </span>
    </p>
   </div>
   <div class='ocr_carea' id='block_1_2' title="bbox 283 599 1711 3186">
    <p class='ocr_par' dir='ltr' id='par_1_2' title="bbox 283 599 1711 3186">
     <span class='ocr_line' id='line_1_2' title="bbox 329 599 1637 702; baseline -0.01 -18"><span class='ocrx_word' id='word_1_3' title='bbox 329 617 444 702; x_wconf 88' lang='grc' dir='ltr'><strong><em>μενίας</em></strong></span> <span class='ocrx_word' id='word_1_4' title='bbox 471 617 615 697; x_wconf 86' lang='grc' dir='ltr'><strong><em>λείψανα</em></strong></span> <span class='ocrx_word' id='word_1_5' title='bbox 637 613 698 698; x_wconf 83' lang='grc' dir='ltr'><strong><em>τῆς</em></strong></span> <span class='ocrx_word' id='word_1_6' title='bbox 718 613 876 692; x_wconf 87' lang='grc' dir='ltr'><strong><em>κιβωτοῦ.</em></strong></span> <span class='ocrx_word' id='word_1_7' title='bbox 919 613 1084 696; x_wconf 81' lang='grc' dir='ltr'><strong><em>μέμνηται</em></strong></span> <span class='ocrx_word' id='word_1_8' title='bbox 1104 611 1160 674; x_wconf 86' lang='grc' dir='ltr'><strong><em>καὶ</em></strong></span> <span class='ocrx_word' id='word_1_9' title='bbox 1181 599 1332 692; x_wconf 76' lang='grc' dir='ltr'><strong><em>Ἱερεμίας</em></strong></span> <span class='ocrx_word' id='word_1_10' title='bbox 1355 609 1416 693; x_wconf 79' lang='grc' dir='ltr'><strong><em>τῆς</em></strong></span> <span class='ocrx_word' id='word_1_11' title='bbox 1436 599 1579 692; x_wconf 81' lang='grc' dir='ltr'><strong><em>Ἀραρὰτ</em></strong></span> <span class='ocrx_word' id='word_1_12' title='bbox 1601 606 1637 672; x_wconf 85' lang='grc' dir='ltr'><strong><em>ἰν</em></strong></span> 
     </span>
     <span class='ocr_line' id='line_1_3' title="bbox 330 699 1638 802; baseline -0.009 -19"><span class='ocrx_word' id='word_1_13' title='bbox 330 719 374 802; x_wconf 80' lang='grc' dir='ltr'><strong><em>τῇ</em></strong></span> <span class='ocrx_word' id='word_1_14' title='bbox 395 708 482 782; x_wconf 83' lang='grc' dir='ltr'><strong><em>κατὰ</em></strong></span> <span class='ocrx_word' id='word_1_15' title='bbox 505 715 713 792; x_wconf 81' lang='grc' dir='ltr'><strong><em>Βαβυλῶνος</em></strong></span> <span class='ocrx_word' id='word_1_16' title='bbox 734 701 857 794; x_wconf 81' lang='grc' dir='ltr'><em>ὁράσει.</em></span> <span class='ocrx_word' id='word_1_17' title='bbox 892 712 948 776; x_wconf 90' lang='grc' dir='ltr'><strong><em>καί</em></strong></span> <span class='ocrx_word' id='word_1_18' title='bbox 967 702 1144 787; x_wconf 80' lang='grc' dir='ltr'><strong><em>Ἰώσιππος</em></strong></span> <span class='ocrx_word' id='word_1_19' title='bbox 1167 711 1202 777; x_wconf 80' lang='grc' dir='ltr'><strong><em>δὲ</em></strong></span> <span class='ocrx_word' id='word_1_20' title='bbox 1221 707 1257 776; x_wconf 80' lang='grc' dir='ltr'><strong><em>ἐν</em></strong></span> <span class='ocrx_word' id='word_1_21' title='bbox 1278 711 1321 792; x_wconf 82' lang='grc' dir='ltr'><strong><em>τῇ</em></strong></span> <span class='ocrx_word' id='word_1_22' title='bbox 1341 704 1465 791; x_wconf 81' lang='grc' dir='ltr'><strong><em>πρώτη</em></strong></span> <span class='ocrx_word' id='word_1_23' title='bbox 1487 708 1548 792; x_wconf 81' lang='grc' dir='ltr'><strong><em>τῆς</em></strong></span> <span class='ocrx_word' id='word_1_24' title='bbox 1563 699 1638 773; x_wconf 87' lang='lat' dir='ltr'>’Iov-</span> 
     </span>
     <span class='ocr_line' id='line_1_4' title="bbox 332 803 1638 900; baseline -0.008 -18"><span class='ocrx_word' id='word_1_25' title='bbox 332 816 447 900; x_wconf 82' lang='grc' dir='ltr'><strong><em>δαῖκῆς</em></strong></span> <span class='ocrx_word' id='word_1_26' title='bbox 478 805 713 898; x_wconf 77' lang='grc' dir='ltr'><em>ἀρχαιολογίας</em></span> <span class='ocrx_word' id='word_1_27' title='bbox 740 805 783 877; x_wconf 85' lang='grc' dir='ltr'><strong><em>τὰ</em></strong></span> <span class='ocrx_word' id='word_1_28' title='bbox 809 814 887 896; x_wconf 91' lang='grc' dir='ltr'><strong><em>περί</em></strong></span> <span class='ocrx_word' id='word_1_29' title='bbox 909 803 973 877; x_wconf 87' lang='grc' dir='ltr'><strong><em>τόν</em></strong></span> <span class='ocrx_word' id='word_1_30' title='bbox 1003 803 1117 876; x_wconf 90' lang='grc' dir='ltr'><strong><em>τόπον</em></strong></span> <span class='ocrx_word' id='word_1_31' title='bbox 1145 808 1296 892; x_wconf 81' lang='grc' dir='ltr'><strong><em>ίστορῶν</em></strong></span> <span class='ocrx_word' id='word_1_32' title='bbox 1325 811 1553 892; x_wconf 76' lang='grc' dir='ltr'><strong><em>παρατίθεται</em></strong></span> <span class='ocrx_word' id='word_1_33' title='bbox 1583 808 1638 872; x_wconf 88' lang='grc' dir='ltr'><strong><em>καὶ</em></strong></span> 
     </span>
     <span class='ocr_line' id='line_1_5' title="bbox 332 898 1638 997; baseline -0.009 -14"><span class='ocrx_word' id='word_1_34' title='bbox 332 909 401 983; x_wconf 82' lang='grc' dir='ltr'><strong><em>ἀπὸ</em></strong></span> <span class='ocrx_word' id='word_1_35' title='bbox 427 916 501 980; x_wconf 83' lang='grc' dir='ltr'><strong><em>τῶν</em></strong></span> <span class='ocrx_word' id='word_1_36' title='bbox 528 911 593 994; x_wconf 77' lang='grc' dir='ltr'><strong><em>ἔξω</em></strong></span> <span class='ocrx_word' id='word_1_37' title='bbox 620 905 804 997; x_wconf 92' lang='grc' dir='ltr'><strong><em>μάρτυρας,</em></strong></span> <span class='ocrx_word' id='word_1_38' title='bbox 827 898 895 978; x_wconf 77' lang='grc' dir='ltr'><strong><em>ὧδε</em></strong></span> <span class='ocrx_word' id='word_1_39' title='bbox 922 903 1065 996; x_wconf 84' lang='grc' dir='ltr'><strong><em>ῥήμασιν</em></strong></span> <span class='ocrx_word' id='word_1_40' title='bbox 1090 901 1206 987; x_wconf 75' lang='grc' dir='ltr'><strong><em>αὐτοῖς</em></strong></span> <span class='ocrx_word' id='word_1_41' title='bbox 1233 900 1388 992; x_wconf 87' lang='grc' dir='ltr'><strong><em>γράφων·</em></strong></span> <span class='ocrx_word' id='word_1_42' title='bbox 1420 904 1579 992; x_wconf 75' lang='grc' dir='ltr'><strong><em>»μαθώνι</em></strong></span> <span class='ocrx_word' id='word_1_43' title='bbox 1603 907 1638 972; x_wconf 79' lang='grc' dir='ltr'><strong><em>δὲ</em></strong></span> 
     </span>
     <span class='ocr_line' id='line_1_6' title="bbox 297 999 1639 1097; baseline -0.005 -18"><span class='ocrx_word' id='word_1_44' title='bbox 297 1026 314 1079; x_wconf 84' lang='grc'>5</span> <span class='ocrx_word' id='word_1_45' title='bbox 333 1017 414 1081; x_wconf 81' lang='grc' dir='ltr'><strong><em>Νῶε</em></strong></span> <span class='ocrx_word' id='word_1_46' title='bbox 446 1003 728 1097; x_wconf 77' lang='grc' dir='ltr'><strong><em>»ἀπηλλαγμένην</em></strong></span> <span class='ocrx_word' id='word_1_47' title='bbox 757 1005 823 1096; x_wconf 84' lang='grc' dir='ltr'><strong><em>τὴν</em></strong></span> <span class='ocrx_word' id='word_1_48' title='bbox 853 1010 916 1095; x_wconf 82' lang='grc' dir='ltr'><strong><em>γῆν</em></strong></span> <span class='ocrx_word' id='word_1_49' title='bbox 939 1011 1002 1077; x_wconf 86' lang='grc' dir='ltr'><strong><em>τοῦ</em></strong></span> <span class='ocrx_word' id='word_1_50' title='bbox 1022 1009 1267 1093; x_wconf 80' lang='grc' dir='ltr'><strong><em>κατακλυσμοῦ,</em></strong></span> <span class='ocrx_word' id='word_1_51' title='bbox 1289 1011 1404 1092; x_wconf 79' lang='grc' dir='ltr'><strong><em>μείνας</em></strong></span> <span class='ocrx_word' id='word_1_52' title='bbox 1425 1002 1531 1086; x_wconf 87' lang='grc' dir='ltr'><strong><em>ἀλλας</em></strong></span> <span class='ocrx_word' id='word_1_53' title='bbox 1553 999 1639 1074; x_wconf 76' lang='grc' dir='ltr'><strong><em>ἑπτὰ</em></strong></span> 
     </span>
     <span class='ocr_line' id='line_1_7' title="bbox 332 1100 1640 1200; baseline -0.007 -20"><span class='ocrx_word' id='word_1_54' title='bbox 332 1107 456 1200; x_wconf 81' lang='grc' dir='ltr'><strong><em>ἡμέρας</em></strong></span> <span class='ocrx_word' id='word_1_55' title='bbox 482 1104 525 1178; x_wconf 88' lang='grc' dir='ltr'><strong><em>τά</em></strong></span> <span class='ocrx_word' id='word_1_56' title='bbox 547 1134 586 1177; x_wconf 87' lang='grc' dir='ltr'><strong><em>τε</em></strong></span> <span class='ocrx_word' id='word_1_57' title='bbox 608 1113 679 1196; x_wconf 83' lang='grc' dir='ltr'><strong><em>ζῷα</em></strong></span> <span class='ocrx_word' id='word_1_58' title='bbox 703 1111 764 1195; x_wconf 80' lang='grc' dir='ltr'><strong><em>τῆς</em></strong></span> <span class='ocrx_word' id='word_1_59' title='bbox 787 1103 957 1195; x_wconf 80' lang='grc' dir='ltr'><strong><em>λάρνακος</em></strong></span> <span class='ocrx_word' id='word_1_60' title='bbox 971 1109 1155 1195; x_wconf 77' lang='grc' dir='ltr'><strong><em>ἐξαφίησιν,</em></strong></span> <span class='ocrx_word' id='word_1_61' title='bbox 1177 1100 1281 1186; x_wconf 84' lang='grc' dir='ltr'><strong><em>αύτός</em></strong></span> <span class='ocrx_word' id='word_1_62' title='bbox 1299 1132 1338 1176; x_wconf 90' lang='grc' dir='ltr'><strong><em>τε</em></strong></span> <span class='ocrx_word' id='word_1_63' title='bbox 1352 1101 1435 1192; x_wconf 82' lang='grc' dir='ltr'><strong><em>μετὰ</em></strong></span> <span class='ocrx_word' id='word_1_64' title='bbox 1450 1109 1512 1190; x_wconf 82' lang='grc' dir='ltr'><strong><em>τῆς</em></strong></span> <span class='ocrx_word' id='word_1_65' title='bbox 1525 1107 1640 1190; x_wconf 85' lang='grc' dir='ltr'><strong><em>γενεᾶς</em></strong></span> 
     </span>
     <span class='ocr_line' id='line_1_8' title="bbox 332 1198 1639 1297; baseline -0.006 -18"><span class='ocrx_word' id='word_1_66' title='bbox 332 1208 520 1297; x_wconf 77' lang='grc' dir='ltr'><strong><em>προελθών</em></strong></span> <span class='ocrx_word' id='word_1_67' title='bbox 549 1211 602 1276; x_wconf 89' lang='grc' dir='ltr'><strong><em>καί</em></strong></span> <span class='ocrx_word' id='word_1_68' title='bbox 626 1203 734 1288; x_wconf 88' lang='grc' dir='ltr'><strong><em>θύσας</em></strong></span> <span class='ocrx_word' id='word_1_69' title='bbox 764 1212 815 1296; x_wconf 82' lang='grc' dir='ltr'><strong><em>τῷ</em></strong></span> <span class='ocrx_word' id='word_1_70' title='bbox 846 1213 919 1296; x_wconf 81' lang='grc' dir='ltr'><strong><em>θεῷ</em></strong></span> <span class='ocrx_word' id='word_1_71' title='bbox 945 1223 1168 1293; x_wconf 84' lang='grc' dir='ltr'><strong><em>συνευωχεῖτο</em></strong></span> <span class='ocrx_word' id='word_1_72' title='bbox 1191 1222 1263 1286; x_wconf 88' lang='grc' dir='ltr'><strong><em>τοῖς</em></strong></span> <span class='ocrx_word' id='word_1_73' title='bbox 1285 1209 1428 1284; x_wconf 89' lang='grc' dir='ltr'><strong><em>οἰκείοις.</em></strong></span> <span class='ocrx_word' id='word_1_74' title='bbox 1469 1198 1639 1290; x_wconf 79' lang='grc' dir='ltr'><strong><em>ἀποβατή-</em></strong></span> 
     </span>
     <span class='ocr_line' id='line_1_9' title="bbox 334 1297 1640 1396; baseline -0.005 -19"><span class='ocrx_word' id='word_1_75' title='bbox 334 1335 409 1396; x_wconf 92' lang='grc' dir='ltr'><strong><em>ριον</em></strong></span> <span class='ocrx_word' id='word_1_76' title='bbox 439 1313 556 1396; x_wconf 92' lang='grc' dir='ltr'><strong><em>μέντοι</em></strong></span> <span class='ocrx_word' id='word_1_77' title='bbox 578 1302 651 1377; x_wconf 87' lang='grc' dir='ltr'><strong><em>τόν</em></strong></span> <span class='ocrx_word' id='word_1_78' title='bbox 682 1303 794 1378; x_wconf 84' lang='grc' dir='ltr'><strong><em>τόπον</em></strong></span> <span class='ocrx_word' id='word_1_79' title='bbox 824 1313 953 1378; x_wconf 84' lang='grc' dir='ltr'><strong><em>τοῦτον</em></strong></span> <span class='ocrx_word' id='word_1_80' title='bbox 981 1301 1145 1395; x_wconf 82' lang='grc' dir='ltr'><strong><em>Ἀρμένιοι</em></strong></span> <span class='ocrx_word' id='word_1_81' title='bbox 1174 1308 1344 1375; x_wconf 82' lang='grc' dir='ltr'><strong><em>καλοῦσιν.</em></strong></span> <span class='ocrx_word' id='word_1_82' title='bbox 1391 1306 1460 1372; x_wconf 81' lang='grc' dir='ltr'><strong><em>ἐκεῖ</em></strong></span> <span class='ocrx_word' id='word_1_83' title='bbox 1478 1301 1542 1390; x_wconf 88' lang='grc' dir='ltr'><strong><em>γὰρ</em></strong></span> <span class='ocrx_word' id='word_1_84' title='bbox 1562 1297 1640 1373; x_wconf 88' lang='grc' dir='ltr'><strong><em>ἀνα·</em></strong></span> 
     </span>
     <span class='ocr_line' id='line_1_10' title="bbox 334 1400 1641 1496; baseline -0.005 -19"><span class='ocrx_word' id='word_1_85' title='bbox 334 1413 501 1496; x_wconf 77' lang='grc' dir='ltr'><strong><em>σωθείσης</em></strong></span> <span class='ocrx_word' id='word_1_86' title='bbox 540 1411 602 1495; x_wconf 84' lang='grc' dir='ltr'><strong><em>τῆς</em></strong></span> <span class='ocrx_word' id='word_1_87' title='bbox 632 1402 799 1494; x_wconf 81' lang='grc' dir='ltr'><strong><em>λάρνακος</em></strong></span> <span class='ocrx_word' id='word_1_88' title='bbox 830 1408 880 1476; x_wconf 82' lang='grc' dir='ltr'><strong><em>ἔτι</em></strong></span> <span class='ocrx_word' id='word_1_89' title='bbox 914 1410 977 1477; x_wconf 83' lang='grc' dir='ltr'><strong><em>νῦν</em></strong></span> <span class='ocrx_word' id='word_1_90' title='bbox 1006 1400 1110 1494; x_wconf 83' lang='grc' dir='ltr'><strong><em>αύτῆς</em></strong></span> <span class='ocrx_word' id='word_1_91' title='bbox 1140 1407 1172 1474; x_wconf 89' lang='grc' dir='ltr'><strong><em>οί</em></strong></span> <span class='ocrx_word' id='word_1_92' title='bbox 1202 1403 1400 1493; x_wconf 82' lang='grc' dir='ltr'><strong><em>περιχώριοι</em></strong></span> <span class='ocrx_word' id='word_1_93' title='bbox 1432 1400 1477 1472; x_wconf 84' lang='grc' dir='ltr'><strong><em>τὰ</em></strong></span> <span class='ocrx_word' id='word_1_94' title='bbox 1498 1407 1641 1488; x_wconf 80' lang='grc' dir='ltr'><strong><em>λείψανα</em></strong></span> 
     </span>
     <span class='ocr_line' id='line_1_11' title="bbox 283 1499 1640 1594; baseline -0.006 -16"><span class='ocrx_word' id='word_1_95' title='bbox 283 1517 317 1572; x_wconf 88' lang='grc'><strong><em>10</em></strong></span> <span class='ocrx_word' id='word_1_96' title='bbox 335 1503 551 1578; x_wconf 80' lang='grc' dir='ltr'><strong><em>δεικνύουσιν.</em></strong></span> <span class='ocrx_word' id='word_1_97' title='bbox 586 1512 651 1576; x_wconf 85' lang='grc' dir='ltr'><strong><em>τοῦ</em></strong></span> <span class='ocrx_word' id='word_1_98' title='bbox 672 1510 707 1575; x_wconf 78' lang='grc' dir='ltr'><strong><em>δὲ</em></strong></span> <span class='ocrx_word' id='word_1_99' title='bbox 728 1511 969 1594; x_wconf 86' lang='grc' dir='ltr'><strong><em>κατακλυσμοῦ</em></strong></span> <span class='ocrx_word' id='word_1_100' title='bbox 999 1502 1128 1576; x_wconf 86' lang='grc' dir='ltr'><strong><em>τούτου</em></strong></span> <span class='ocrx_word' id='word_1_101' title='bbox 1148 1509 1204 1574; x_wconf 81' lang='grc' dir='ltr'><strong><em>καί</em></strong></span> <span class='ocrx_word' id='word_1_102' title='bbox 1226 1508 1288 1592; x_wconf 87' lang='grc' dir='ltr'><strong><em>τῆς</em></strong></span> <span class='ocrx_word' id='word_1_103' title='bbox 1308 1499 1476 1592; x_wconf 89' lang='grc' dir='ltr'><strong><em>λάρνακος</em></strong></span> <span class='ocrx_word' id='word_1_104' title='bbox 1498 1508 1640 1590; x_wconf 90' lang='grc' dir='ltr'><strong><em>μέμνην-</em></strong></span> 
     </span>
     <span class='ocr_line' id='line_1_12' title="bbox 334 1593 1642 1694; baseline -0.005 -18"><span class='ocrx_word' id='word_1_105' title='bbox 334 1634 391 1676; x_wconf 90' lang='grc' dir='ltr'><strong><em>ται</em></strong></span> <span class='ocrx_word' id='word_1_106' title='bbox 416 1602 544 1686; x_wconf 85' lang='grc' dir='ltr'><strong><em>πάντες</em></strong></span> <span class='ocrx_word' id='word_1_107' title='bbox 566 1609 599 1677; x_wconf 87' lang='grc' dir='ltr'><strong><em>οἰ</em></strong></span> <span class='ocrx_word' id='word_1_108' title='bbox 621 1603 683 1687; x_wconf 85' lang='grc' dir='ltr'><strong><em>τὰς</em></strong></span> <span class='ocrx_word' id='word_1_109' title='bbox 703 1603 906 1693; x_wconf 84' lang='grc' dir='ltr'><strong><em>βαρβαρικὰς</em></strong></span> <span class='ocrx_word' id='word_1_110' title='bbox 937 1607 1086 1694; x_wconf 89' lang='grc' dir='ltr'><strong><em>ίστορίας</em></strong></span> <span class='ocrx_word' id='word_1_111' title='bbox 1108 1599 1393 1692; x_wconf 74' lang='grc' dir='ltr'><strong><em>ἀναγεγραφότες,</em></strong></span> <span class='ocrx_word' id='word_1_112' title='bbox 1425 1593 1477 1672; x_wconf 78' lang='grc' dir='ltr'><strong><em>ὦν</em></strong></span> <span class='ocrx_word' id='word_1_113' title='bbox 1498 1604 1569 1672; x_wconf 78' lang='grc' dir='ltr'><strong><em>ἐστὶ</em></strong></span> <span class='ocrx_word' id='word_1_114' title='bbox 1586 1607 1642 1670; x_wconf 85' lang='grc' dir='ltr'><strong><em>καὶ</em></strong></span> 
     </span>
     <span class='ocr_line' id='line_1_13' title="bbox 283 1698 1643 1794; baseline -0.004 -18"><span class='ocrx_word' id='word_1_115' title='bbox 283 1721 318 1776; x_wconf 87' lang='lat' dir='ltr'><strong><em>3r</em></strong></span> <span class='ocrx_word' id='word_1_116' title='bbox 337 1703 501 1794; x_wconf 81' lang='grc' dir='ltr'><strong><em>Βήρωσος</em></strong></span> <span class='ocrx_word' id='word_1_117' title='bbox 531 1699 550 1775; x_wconf 85' lang='grc' dir='ltr'><strong><em>δ</em></strong></span> <span class='ocrx_word' id='word_1_118' title='bbox 582 1710 760 1787; x_wconf 83' lang='grc' dir='ltr'><strong><em>Χαλδαῖος.</em></strong></span> <span class='ocrx_word' id='word_1_119' title='bbox 811 1701 1028 1794; x_wconf 87' lang='grc' dir='ltr'><strong><em>διηγούμενος</em></strong></span> <span class='ocrx_word' id='word_1_120' title='bbox 1059 1701 1122 1793; x_wconf 85' lang='grc' dir='ltr'><strong><em>γὰρ</em></strong></span> <span class='ocrx_word' id='word_1_121' title='bbox 1144 1701 1187 1773; x_wconf 83' lang='grc' dir='ltr'><strong><em>τὰ</em></strong></span> <span class='ocrx_word' id='word_1_122' title='bbox 1213 1709 1290 1790; x_wconf 83' lang='grc' dir='ltr'><strong><em>περὶ</em></strong></span> <span class='ocrx_word' id='word_1_123' title='bbox 1312 1699 1376 1773; x_wconf 87' lang='grc' dir='ltr'><strong><em>τὸν</em></strong></span> <span class='ocrx_word' id='word_1_124' title='bbox 1397 1698 1643 1790; x_wconf 66' lang='grc' dir='ltr'><strong><em>καταξκλυσμόν</em></strong></span> 
     </span>
     <span class='ocr_line' id='line_1_14' title="bbox 336 1797 1643 1892; baseline -0.004 -16"><span class='ocrx_word' id='word_1_125' title='bbox 336 1798 429 1876; x_wconf 81' lang='grc' dir='ltr'><strong><em>ούτω</em></strong></span> <span class='ocrx_word' id='word_1_126' title='bbox 456 1832 524 1876; x_wconf 90' lang='grc' dir='ltr'><strong><em>που</em></strong></span> <span class='ocrx_word' id='word_1_127' title='bbox 552 1809 717 1888; x_wconf 79' lang='grc' dir='ltr'><strong><em>διέξεισιν·</em></strong></span> <span class='ocrx_word' id='word_1_128' title='bbox 748 1811 880 1892; x_wconf 87' lang='grc' dir='ltr'><strong><em>λέγεται</em></strong></span> <span class='ocrx_word' id='word_1_129' title='bbox 902 1808 1014 1874; x_wconf 77' lang='grc' dir='ltr'><strong><em>δὲκαὶ</em></strong></span> <span class='ocrx_word' id='word_1_130' title='bbox 1036 1807 1100 1875; x_wconf 86' lang='grc' dir='ltr'><strong><em>τοῦ</em></strong></span> <span class='ocrx_word' id='word_1_131' title='bbox 1120 1811 1245 1874; x_wconf 92' lang='grc' dir='ltr'><strong><em>πλοίου</em></strong></span> <span class='ocrx_word' id='word_1_132' title='bbox 1266 1805 1305 1872; x_wconf 85' lang='grc' dir='ltr'><strong><em>έν</em></strong></span> <span class='ocrx_word' id='word_1_133' title='bbox 1327 1808 1371 1890; x_wconf 81' lang='grc' dir='ltr'><strong><em>τῇ</em></strong></span> <span class='ocrx_word' id='word_1_134' title='bbox 1383 1797 1535 1892; x_wconf 80' lang='grc' dir='ltr'><strong><em>Ἀρμενίᾳ</em></strong></span> <span class='ocrx_word' id='word_1_135' title='bbox 1558 1798 1643 1889; x_wconf 84' lang='grc' dir='ltr'><strong><em>πρὸς</em></strong></span> 
     </span>
     <span class='ocr_line' id='line_1_15' title="bbox 336 1895 1643 1993; baseline -0.002 -20"><span class='ocrx_word' id='word_1_136' title='bbox 336 1909 387 1993; x_wconf 83' lang='grc' dir='ltr'><strong><em>τῷ</em></strong></span> <span class='ocrx_word' id='word_1_137' title='bbox 412 1895 482 1990; x_wconf 87' lang='grc' dir='ltr'><strong><em>όρει</em></strong></span> <span class='ocrx_word' id='word_1_138' title='bbox 504 1909 579 1973; x_wconf 81' lang='grc' dir='ltr'><strong><em>τῶν</em></strong></span> <span class='ocrx_word' id='word_1_139' title='bbox 601 1908 807 1992; x_wconf 82' lang='grc' dir='ltr'><strong><em>Κορδυαίων</em></strong></span> <span class='ocrx_word' id='word_1_140' title='bbox 829 1907 879 1975; x_wconf 81' lang='grc' dir='ltr'><strong><em>ἔτι</em></strong></span> <span class='ocrx_word' id='word_1_141' title='bbox 899 1909 999 1993; x_wconf 92' lang='grc' dir='ltr'><strong><em>μέρος</em></strong></span> <span class='ocrx_word' id='word_1_142' title='bbox 1021 1930 1054 1971; x_wconf 96' lang='grc' dir='ltr'><strong><em>τι</em></strong></span> <span class='ocrx_word' id='word_1_143' title='bbox 1077 1903 1175 1984; x_wconf 81' lang='grc' dir='ltr'><strong><em>εἶναι,</em></strong></span> <span class='ocrx_word' id='word_1_144' title='bbox 1199 1907 1255 1970; x_wconf 85' lang='grc' dir='ltr'><strong><em>καὶ</em></strong></span> <span class='ocrx_word' id='word_1_145' title='bbox 1275 1909 1426 1990; x_wconf 74' lang='grc' dir='ltr'><strong><em>κομίζειν</em></strong></span> <span class='ocrx_word' id='word_1_146' title='bbox 1456 1899 1551 1984; x_wconf 83' lang='grc' dir='ltr'><strong><em>τινάς</em></strong></span> <span class='ocrx_word' id='word_1_147' title='bbox 1582 1904 1643 1988; x_wconf 80' lang='grc' dir='ltr'><strong><em>τῆς</em></strong></span> 
     </span>
     <span class='ocr_line' id='line_1_16' title="bbox 285 1997 1643 2092; baseline -0.001 -20"><span class='ocrx_word' id='word_1_148' title='bbox 285 2025 318 2078; x_wconf 83' lang='lat'><strong><em>15</em></strong></span> <span class='ocrx_word' id='word_1_149' title='bbox 337 1998 515 2089; x_wconf 90' lang='grc' dir='ltr'><strong><em>ἀσφάλτου</em></strong></span> <span class='ocrx_word' id='word_1_150' title='bbox 559 1998 798 2091; x_wconf 84' lang='grc' dir='ltr'><strong><em>ἀφαιροῦντας.</em></strong></span> <span class='ocrx_word' id='word_1_151' title='bbox 859 2009 1010 2092; x_wconf 80' lang='grc' dir='ltr'><strong><em>χρῶνται</em></strong></span> <span class='ocrx_word' id='word_1_152' title='bbox 1054 2007 1090 2072; x_wconf 75' lang='grc' dir='ltr'><strong><em>δὲ</em></strong></span> <span class='ocrx_word' id='word_1_153' title='bbox 1125 1997 1269 2089; x_wconf 91' lang='grc' dir='ltr'><strong><em>μάλιστα</em></strong></span> <span class='ocrx_word' id='word_1_154' title='bbox 1306 2004 1339 2071; x_wconf 86' lang='grc' dir='ltr'><strong><em>οί</em></strong></span> <span class='ocrx_word' id='word_1_155' title='bbox 1374 1998 1556 2088; x_wconf 78' lang='grc' dir='ltr'><strong><em>ἅνθρωποι</em></strong></span> <span class='ocrx_word' id='word_1_156' title='bbox 1592 2005 1643 2089; x_wconf 80' lang='grc' dir='ltr'><strong><em>τῷ</em></strong></span> 
     </span>
     <span class='ocr_line' id='line_1_17' title="bbox 335 2098 1642 2192; baseline -0.003 -20"><span class='ocrx_word' id='word_1_157' title='bbox 335 2107 548 2192; x_wconf 82' lang='grc' dir='ltr'><strong><em>κομιζομένῳ</em></strong></span> <span class='ocrx_word' id='word_1_158' title='bbox 578 2100 665 2190; x_wconf 86' lang='grc' dir='ltr'><strong><em>πρὸς</em></strong></span> <span class='ocrx_word' id='word_1_159' title='bbox 694 2101 776 2185; x_wconf 85' lang='grc' dir='ltr'><strong><em>τούς</em></strong></span> <span class='ocrx_word' id='word_1_160' title='bbox 805 2098 1114 2191; x_wconf 88' lang='grc' dir='ltr'><strong><em>ἀποτροπιασμούς.</em></strong></span> <span class='ocrx_word' id='word_1_161' title='bbox 1162 2105 1325 2190; x_wconf 85' lang='grc' dir='ltr'><strong><em>μέμνηται</em></strong></span> <span class='ocrx_word' id='word_1_162' title='bbox 1356 2106 1391 2171; x_wconf 80' lang='grc' dir='ltr'><strong><em>δὲ</em></strong></span> <span class='ocrx_word' id='word_1_163' title='bbox 1421 2099 1559 2170; x_wconf 83' lang='grc' dir='ltr'><strong><em>τούτων</em></strong></span> <span class='ocrx_word' id='word_1_164' title='bbox 1588 2105 1642 2168; x_wconf 84' lang='grc' dir='ltr'><strong><em>καὶ</em></strong></span> 
     </span>
     <span class='ocr_line' id='line_1_18' title="bbox 335 2196 1644 2291; baseline -0.003 -19"><span class='ocrx_word' id='word_1_165' title='bbox 335 2198 530 2289; x_wconf 79' lang='grc' dir='ltr'><strong><em>Ἱερώνυμος</em></strong></span> <span class='ocrx_word' id='word_1_166' title='bbox 560 2196 579 2272; x_wconf 87' lang='grc' dir='ltr'><strong><em>δ</em></strong></span> <span class='ocrx_word' id='word_1_167' title='bbox 610 2200 810 2290; x_wconf 83' lang='grc' dir='ltr'><strong><em>Αἰγύπτιος,</em></strong></span> <span class='ocrx_word' id='word_1_168' title='bbox 847 2196 866 2272; x_wconf 87' lang='grc' dir='ltr'><strong><em>ό</em></strong></span> <span class='ocrx_word' id='word_1_169' title='bbox 896 2200 962 2289; x_wconf 81' lang='grc' dir='ltr'><strong><em>τὴν</em></strong></span> <span class='ocrx_word' id='word_1_170' title='bbox 983 2197 1223 2291; x_wconf 79' lang='grc' dir='ltr'><strong><em>ἀρχαιολογίαν</em></strong></span> <span class='ocrx_word' id='word_1_171' title='bbox 1254 2198 1318 2289; x_wconf 82' lang='grc' dir='ltr'><strong><em>τὴν</em></strong></span> <span class='ocrx_word' id='word_1_172' title='bbox 1342 2198 1541 2288; x_wconf 82' lang='grc' dir='ltr'><strong><em>Φοινικικὴν</em></strong></span> <span class='ocrx_word' id='word_1_173' title='bbox 1570 2221 1644 2287; x_wconf 85' lang='grc' dir='ltr'><strong><em>συγ-</em></strong></span> 
     </span>
     <span class='ocr_line' id='line_1_19' title="bbox 338 2294 1711 2390; baseline -0.007 -19"><span class='ocrx_word' id='word_1_174' title='bbox 338 2297 565 2390; x_wconf 82' lang='grc' dir='ltr'><strong><em>γραψάμενος,</em></strong></span> <span class='ocrx_word' id='word_1_175' title='bbox 595 2309 652 2372; x_wconf 87' lang='grc' dir='ltr'><strong><em>καὶ</em></strong></span> <span class='ocrx_word' id='word_1_176' title='bbox 676 2307 830 2385; x_wconf 86' lang='grc' dir='ltr'><strong><em>Μνασέας</em></strong></span> <span class='ocrx_word' id='word_1_177' title='bbox 861 2307 971 2372; x_wconf 79' lang='grc' dir='ltr'><strong><em>δὲκαὶ</em></strong></span> <span class='ocrx_word' id='word_1_178' title='bbox 996 2305 1007 2390; x_wconf 72' lang='grc' dir='ltr'><strong><em>ΙΙ</em></strong></span> <span class='ocrx_word' id='word_1_179' title='bbox 1028 2299 1127 2373; x_wconf 82' lang='grc' dir='ltr'><strong><em>ἄλλοι</em></strong></span> <span class='ocrx_word' id='word_1_180' title='bbox 1149 2307 1296 2380; x_wconf 87' lang='grc' dir='ltr'><strong><em>πλείους.</em></strong></span> <span class='ocrx_word' id='word_1_181' title='bbox 1338 2306 1394 2369; x_wconf 88' lang='grc' dir='ltr'><strong><em>καὶ</em></strong></span> <span class='ocrx_word' id='word_1_182' title='bbox 1417 2294 1586 2382; x_wconf 79' lang='grc' dir='ltr'><strong><em>Νικόλαος</em></strong></span> <span class='ocrx_word' id='word_1_183' title='bbox 1608 2304 1643 2369; x_wconf 82' lang='grc' dir='ltr'><strong><em>δὲ</em></strong></span> <span class='ocrx_word' id='word_1_184' title='bbox 1661 2305 1711 2362; x_wconf 82' lang='grc'><strong><em>209</em></strong></span> 
     </span>
     <span class='ocr_line' id='line_1_20' title="bbox 338 2393 1644 2489; baseline -0.003 -18"><span class='ocrx_word' id='word_1_185' title='bbox 338 2395 357 2471; x_wconf 91' lang='grc' dir='ltr'><strong><em>ό</em></strong></span> <span class='ocrx_word' id='word_1_186' title='bbox 385 2398 602 2488; x_wconf 86' lang='grc' dir='ltr'><strong><em>Δαμασκηνός</em></strong></span> <span class='ocrx_word' id='word_1_187' title='bbox 624 2404 661 2470; x_wconf 79' lang='grc' dir='ltr'><strong><em>έν</em></strong></span> <span class='ocrx_word' id='word_1_188' title='bbox 682 2407 725 2489; x_wconf 81' lang='grc' dir='ltr'><strong><em>τῇ</em></strong></span> <span class='ocrx_word' id='word_1_189' title='bbox 748 2403 952 2489; x_wconf 81' lang='grc' dir='ltr'><strong><em>ἐνενηκοστῇ</em></strong></span> <span class='ocrx_word' id='word_1_190' title='bbox 974 2406 1030 2470; x_wconf 88' lang='grc' dir='ltr'><strong><em>καὶ</em></strong></span> <span class='ocrx_word' id='word_1_191' title='bbox 1052 2400 1133 2486; x_wconf 82' lang='grc' dir='ltr'><strong><em>έκτη</em></strong></span> <span class='ocrx_word' id='word_1_192' title='bbox 1154 2406 1258 2488; x_wconf 85' lang='grc' dir='ltr'><strong><em>βίβλῳ</em></strong></span> <span class='ocrx_word' id='word_1_193' title='bbox 1280 2402 1408 2487; x_wconf 79' lang='grc' dir='ltr'><strong><em>ἱστορεῖ</em></strong></span> <span class='ocrx_word' id='word_1_194' title='bbox 1426 2405 1504 2485; x_wconf 87' lang='grc' dir='ltr'><strong><em>περὶ</em></strong></span> <span class='ocrx_word' id='word_1_195' title='bbox 1527 2393 1644 2469; x_wconf 77' lang='grc' dir='ltr'><strong><em>αὐτῶν</em></strong></span> 
     </span>
     <span class='ocr_line' id='line_1_21' title="bbox 286 2491 1643 2589; baseline -0.004 -16"><span class='ocrx_word' id='word_1_196' title='bbox 286 2519 321 2573; x_wconf 82' lang='grc'><strong><em>20</em></strong></span> <span class='ocrx_word' id='word_1_197' title='bbox 338 2505 450 2588; x_wconf 87' lang='grc' dir='ltr'><strong><em>λέγων</em></strong></span> <span class='ocrx_word' id='word_1_198' title='bbox 481 2495 604 2581; x_wconf 77' lang='grc' dir='ltr'><strong><em>οὕτως·</em></strong></span> <span class='ocrx_word' id='word_1_199' title='bbox 641 2501 733 2570; x_wconf 77' lang='grc' dir='ltr'><strong><em>ἔστιν</em></strong></span> <span class='ocrx_word' id='word_1_200' title='bbox 761 2494 845 2587; x_wconf 78' lang='grc' dir='ltr'><strong><em>ύπὲρ</em></strong></span> <span class='ocrx_word' id='word_1_201' title='bbox 871 2498 936 2589; x_wconf 87' lang='grc' dir='ltr'><strong><em>τὴν</em></strong></span> <span class='ocrx_word' id='word_1_202' title='bbox 958 2497 1113 2571; x_wconf 85' lang='grc' dir='ltr'><strong><em>Μινυάδα</em></strong></span> <span class='ocrx_word' id='word_1_203' title='bbox 1133 2505 1216 2588; x_wconf 87' lang='grc' dir='ltr'><strong><em>μέγα</em></strong></span> <span class='ocrx_word' id='word_1_204' title='bbox 1237 2491 1319 2587; x_wconf 86' lang='grc' dir='ltr'><strong><em>ὄρος</em></strong></span> <span class='ocrx_word' id='word_1_205' title='bbox 1339 2497 1428 2569; x_wconf 79' lang='grc' dir='ltr'><strong><em>κατὰ</em></strong></span> <span class='ocrx_word' id='word_1_206' title='bbox 1449 2497 1514 2587; x_wconf 81' lang='grc' dir='ltr'><strong><em>τὴν</em></strong></span> <span class='ocrx_word' id='word_1_207' title='bbox 1535 2494 1643 2586; x_wconf 84' lang='grc' dir='ltr'><strong><em>Ἀρμε-</em></strong></span> 
     </span>
     <span class='ocr_line' id='line_1_22' title="bbox 337 2591 1645 2688; baseline -0.003 -19"><span class='ocrx_word' id='word_1_208' title='bbox 337 2605 428 2683; x_wconf 91' lang='grc' dir='ltr'><strong><em>νίαν,</em></strong></span> <span class='ocrx_word' id='word_1_209' title='bbox 460 2593 566 2687; x_wconf 88' lang='grc' dir='ltr'><strong><em>Βάρις</em></strong></span> <span class='ocrx_word' id='word_1_210' title='bbox 596 2595 793 2688; x_wconf 84' lang='grc' dir='ltr'><strong><em>λεγόμενον,</em></strong></span> <span class='ocrx_word' id='word_1_211' title='bbox 824 2594 877 2687; x_wconf 79' lang='grc' dir='ltr'><strong><em>ἐφ’</em></strong></span> <span class='ocrx_word' id='word_1_212' title='bbox 910 2591 1103 2681; x_wconf 78' lang='grc' dir='ltr'><strong><em>όπολλοῢς</em></strong></span> <span class='ocrx_word' id='word_1_213' title='bbox 1125 2594 1363 2687; x_wconf 89' lang='grc' dir='ltr'><strong><em>συμφυγόντας</em></strong></span> <span class='ocrx_word' id='word_1_214' title='bbox 1384 2603 1439 2669; x_wconf 75' lang='grc' dir='ltr'><strong><em>ἐπὶ</em></strong></span> <span class='ocrx_word' id='word_1_215' title='bbox 1461 2603 1525 2669; x_wconf 86' lang='grc' dir='ltr'><strong><em>τοῦ</em></strong></span> <span class='ocrx_word' id='word_1_216' title='bbox 1545 2624 1645 2669; x_wconf 87' lang='grc' dir='ltr'><strong><em>κατα-</em></strong></span> 
     </span>
     <span class='ocr_line' id='line_1_23' title="bbox 337 2691 1646 2788; baseline -0.001 -20"><span class='ocrx_word' id='word_1_217' title='bbox 337 2703 486 2787; x_wconf 87' lang='grc' dir='ltr'><strong><em>κλυσμοῦ</em></strong></span> <span class='ocrx_word' id='word_1_218' title='bbox 519 2695 620 2787; x_wconf 86' lang='grc' dir='ltr'><strong><em>λόγος</em></strong></span> <span class='ocrx_word' id='word_1_219' title='bbox 647 2701 712 2786; x_wconf 78' lang='grc' dir='ltr'><strong><em>ἔχει</em></strong></span> <span class='ocrx_word' id='word_1_220' title='bbox 737 2703 984 2787; x_wconf 84' lang='grc' dir='ltr'><strong><em>περισωθῆναι,</em></strong></span> <span class='ocrx_word' id='word_1_221' title='bbox 1014 2704 1070 2770; x_wconf 88' lang='grc' dir='ltr'><strong><em>καί</em></strong></span> <span class='ocrx_word' id='word_1_222' title='bbox 1092 2696 1170 2769; x_wconf 87' lang='grc' dir='ltr'><strong><em>τινὰ</em></strong></span> <span class='ocrx_word' id='word_1_223' title='bbox 1191 2703 1246 2769; x_wconf 81' lang='grc' dir='ltr'><strong><em>έπί</em></strong></span> <span class='ocrx_word' id='word_1_224' title='bbox 1268 2693 1437 2788; x_wconf 86' lang='grc' dir='ltr'><strong><em>λάρνακος</em></strong></span> <span class='ocrx_word' id='word_1_225' title='bbox 1459 2691 1646 2785; x_wconf 81' lang='grc' dir='ltr'><strong><em>ὀχούμενον</em></strong></span> 
     </span>
     <span class='ocr_line' id='line_1_24' title="bbox 339 2792 1646 2886; baseline -0.001 -18"><span class='ocrx_word' id='word_1_226' title='bbox 339 2802 394 2869; x_wconf 76' lang='grc' dir='ltr'><strong><em>ἐπὶ</em></strong></span> <span class='ocrx_word' id='word_1_227' title='bbox 424 2796 489 2886; x_wconf 85' lang='grc' dir='ltr'><strong><em>τὴν</em></strong></span> <span class='ocrx_word' id='word_1_228' title='bbox 521 2795 709 2886; x_wconf 81' lang='grc' dir='ltr'><strong><em>ἀκρώρειαν</em></strong></span> <span class='ocrx_word' id='word_1_229' title='bbox 735 2792 874 2881; x_wconf 88' lang='grc' dir='ltr'><strong><em>όκεῖλαι,</em></strong></span> <span class='ocrx_word' id='word_1_230' title='bbox 904 2805 961 2868; x_wconf 85' lang='grc' dir='ltr'><strong><em>καὶ</em></strong></span> <span class='ocrx_word' id='word_1_231' title='bbox 991 2796 1034 2868; x_wconf 83' lang='grc' dir='ltr'><strong><em>τὰ</em></strong></span> <span class='ocrx_word' id='word_1_232' title='bbox 1066 2805 1211 2884; x_wconf 86' lang='grc' dir='ltr'><strong><em>λείψανα</em></strong></span> <span class='ocrx_word' id='word_1_233' title='bbox 1241 2803 1316 2868; x_wconf 79' lang='grc' dir='ltr'><strong><em>τῶν</em></strong></span> <span class='ocrx_word' id='word_1_234' title='bbox 1344 2794 1459 2884; x_wconf 78' lang='grc' dir='ltr'><strong><em>ξύλων</em></strong></span> <span class='ocrx_word' id='word_1_235' title='bbox 1481 2801 1535 2868; x_wconf 85' lang='grc' dir='ltr'><strong><em>έπί</em></strong></span> <span class='ocrx_word' id='word_1_236' title='bbox 1556 2796 1646 2867; x_wconf 80' lang='grc' dir='ltr'><strong><em>πολύ</em></strong></span> 
     </span>
     <span class='ocr_line' id='line_1_25' title="bbox 340 2888 1644 2987; baseline 0 -20"><span class='ocrx_word' id='word_1_237' title='bbox 340 2901 505 2983; x_wconf 80' lang='grc' dir='ltr'><strong><em>σωθῆναι.</em></strong></span> <span class='ocrx_word' id='word_1_238' title='bbox 547 2901 682 2984; x_wconf 89' lang='grc' dir='ltr'><strong><em>γένοιτο</em></strong></span> <span class='ocrx_word' id='word_1_239' title='bbox 715 2893 747 2967; x_wconf 79' lang='grc' dir='ltr'><strong><em>δ’</em></strong></span> <span class='ocrx_word' id='word_1_240' title='bbox 779 2893 821 2967; x_wconf 79' lang='grc' dir='ltr'><strong><em>ἀν</em></strong></span> <span class='ocrx_word' id='word_1_241' title='bbox 848 2888 962 2981; x_wconf 82' lang='grc' dir='ltr'><strong><em>οὗτος,</em></strong></span> <span class='ocrx_word' id='word_1_242' title='bbox 994 2891 1115 2969; x_wconf 79' lang='grc' dir='ltr'><strong><em>ὅντινα</em></strong></span> <span class='ocrx_word' id='word_1_243' title='bbox 1144 2904 1199 2968; x_wconf 88' lang='grc' dir='ltr'><strong><em>καὶ</em></strong></span> <span class='ocrx_word' id='word_1_244' title='bbox 1230 2903 1377 2987; x_wconf 75' lang='grc' dir='ltr'><strong><em>δίωϋσῆς</em></strong></span> <span class='ocrx_word' id='word_1_245' title='bbox 1403 2893 1592 2987; x_wconf 80' lang='grc' dir='ltr'><strong><em>ἀνέγραψεν</em></strong></span> <span class='ocrx_word' id='word_1_246' title='bbox 1626 2891 1644 2967; x_wconf 88' lang='grc' dir='ltr'><strong><em>ό</em></strong></span> 
     </span>
     <span class='ocr_line' id='line_1_26' title="bbox 288 2992 750 3085; baseline -0.004 -17"><span class='ocrx_word' id='word_1_247' title='bbox 288 3015 322 3070; x_wconf 84' lang='grc'><strong><em>25</em></strong></span> <span class='ocrx_word' id='word_1_248' title='bbox 338 2992 508 3067; x_wconf 83' lang='grc' dir='ltr'><strong><em>Ἰουδαίων</em></strong></span> <span class='ocrx_word' id='word_1_249' title='bbox 530 3003 750 3085; x_wconf 87' lang='grc' dir='ltr'><strong><em>νομοθέτηςι.</em></strong></span> 
     </span>
     <span class='ocr_line' id='line_1_27' title="bbox 421 3091 1534 3186; baseline 0.002 -22"><span class='ocrx_word' id='word_1_250' title='bbox 421 3091 518 3184; x_wconf 81' lang='grc' dir='ltr'><strong><em>Ἀχάδ</em></strong></span> <span class='ocrx_word' id='word_1_251' title='bbox 539 3101 620 3182; x_wconf 77' lang='lat' dir='ltr'>(Gen</span> <span class='ocrx_word' id='word_1_252' title='bbox 645 3103 770 3184; x_wconf 86' lang='grc'>10,10).</span> <span class='ocrx_word' id='word_1_253' title='bbox 812 3094 912 3180; x_wconf 88' lang='grc' dir='ltr'><strong><em>πόλις</em></strong></span> <span class='ocrx_word' id='word_1_254' title='bbox 933 3103 1098 3180; x_wconf 88' lang='grc' dir='ltr'><strong><em>βασιλείας</em></strong></span> <span class='ocrx_word' id='word_1_255' title='bbox 1120 3098 1265 3186; x_wconf 83' lang='grc' dir='ltr'><strong><em>Νεβρώδ</em></strong></span> <span class='ocrx_word' id='word_1_256' title='bbox 1285 3101 1322 3168; x_wconf 84' lang='grc' dir='ltr'><strong><em>έν</em></strong></span> <span class='ocrx_word' id='word_1_257' title='bbox 1345 3103 1534 3180; x_wconf 78' lang='grc' dir='ltr'><strong><em>Βαβυλῶνι.</em></strong></span> 
     </span>
    </p>
   </div>
   <div class='ocr_carea' id='block_1_3' title="bbox 342 3488 1648 3684">
    <p class='ocr_par' dir='ltr' id='par_1_3' title="bbox 342 3488 1648 3684">
     <span class='ocr_line' id='line_1_28' title="bbox 422 3488 1648 3585; baseline 0.002 -22"><span class='ocrx_word' id='word_1_258' title='bbox 422 3488 532 3582; x_wconf 84' lang='grc' dir='ltr'><strong><em>Ἀγγαί</em></strong></span> <span class='ocrx_word' id='word_1_259' title='bbox 553 3499 633 3581; x_wconf 82' lang='lat' dir='ltr'><strong>(Gen</strong></span> <span class='ocrx_word' id='word_1_260' title='bbox 657 3505 703 3579; x_wconf 80' lang='lat'><strong><em>12,</em></strong></span> <span class='ocrx_word' id='word_1_261' title='bbox 718 3501 758 3580; x_wconf 81' lang='lat'><strong><em>8).</em></strong></span> <span class='ocrx_word' id='word_1_262' title='bbox 799 3493 886 3566; x_wconf 85' lang='grc' dir='ltr'><strong><em>κατὰ</em></strong></span> <span class='ocrx_word' id='word_1_263' title='bbox 917 3493 1041 3584; x_wconf 79' lang='grc' dir='ltr'><strong><em>δυσμὰς</em></strong></span> <span class='ocrx_word' id='word_1_264' title='bbox 1063 3490 1208 3584; x_wconf 84' lang='grc' dir='ltr'><strong><em>Βαιθήλ.</em></strong></span> <span class='ocrx_word' id='word_1_265' title='bbox 1248 3492 1460 3584; x_wconf 86' lang='grc' dir='ltr'><strong><em>διεστήκασιν</em></strong></span> <span class='ocrx_word' id='word_1_266' title='bbox 1487 3491 1648 3585; x_wconf 83' lang='grc' dir='ltr'><strong><em>ἀλλήλων</em></strong></span> 
     </span>
     <span class='ocr_line' id='line_1_29' title="bbox 342 3589 1648 3684; baseline -0.001 -18"><span class='ocrx_word' id='word_1_267' title='bbox 342 3590 384 3666; x_wconf 86' lang='grc' dir='ltr'><strong><em>ού</em></strong></span> <span class='ocrx_word' id='word_1_268' title='bbox 412 3607 583 3666; x_wconf 85' lang='grc' dir='ltr'><strong><em>πλεῖστον.</em></strong></span> <span class='ocrx_word' id='word_1_269' title='bbox 625 3611 734 3665; x_wconf 86' lang='grc' dir='ltr'><strong><em>κεῖται</em></strong></span> <span class='ocrx_word' id='word_1_270' title='bbox 764 3600 799 3665; x_wconf 82' lang='grc' dir='ltr'><strong><em>δὲ</em></strong></span> <span class='ocrx_word' id='word_1_271' title='bbox 838 3589 859 3682; x_wconf 85' lang='grc' dir='ltr'><em>ἡ</em></span> <span class='ocrx_word' id='word_1_272' title='bbox 886 3593 1024 3684; x_wconf 83' lang='grc' dir='ltr'><strong><em>Βαιθὴλ</em></strong></span> <span class='ocrx_word' id='word_1_273' title='bbox 1055 3590 1233 3666; x_wconf 86' lang='grc' dir='ltr'><strong><em>ἀπιόντων</em></strong></span> <span class='ocrx_word' id='word_1_274' title='bbox 1255 3601 1301 3678; x_wconf 92' lang='grc' dir='ltr'><strong><em>εἰς</em></strong></span> <span class='ocrx_word' id='word_1_275' title='bbox 1324 3601 1447 3666; x_wconf 83' lang='grc' dir='ltr'><strong><em>Αἰλίαν</em></strong></span> <span class='ocrx_word' id='word_1_276' title='bbox 1467 3591 1535 3667; x_wconf 89' lang='grc' dir='ltr'><strong><em>ἀπό</em></strong></span> <span class='ocrx_word' id='word_1_277' title='bbox 1559 3601 1648 3678; x_wconf 86' lang='grc' dir='ltr'><strong><em>Νέας</em></strong></span> 
     </span>
    </p>
   </div>
   <div class='ocr_carea' id='block_1_4' title="bbox 343 3813 1649 4188">
    <p class='ocr_par' dir='ltr' id='par_1_4' title="bbox 343 3813 1649 4188">
     <span class='ocr_line' id='line_1_30' title="bbox 429 3813 1647 3885; baseline 0 -15"><span class='ocrx_word' id='word_1_278' title='bbox 429 3815 511 3870; x_wconf 83' lang='lat' dir='ltr'>IJer</span> <span class='ocrx_word' id='word_1_279' title='bbox 529 3817 569 3876; x_wconf 87' lang='lat'><strong><em>51,</em></strong></span> <span class='ocrx_word' id='word_1_280' title='bbox 589 3817 621 3868; x_wconf 77' lang='lat'><strong><em>‘27</em></strong></span> <span class='ocrx_word' id='word_1_281' title='bbox 708 3815 769 3872; x_wconf 70' lang='grc' dir='ltr'><strong><em>Μ.</em></strong></span> <span class='ocrx_word' id='word_1_282' title='bbox 791 3815 900 3885; x_wconf 77' lang='lat' dir='ltr'>Ioseph.</span> <span class='ocrx_word' id='word_1_283' title='bbox 928 3815 1002 3868; x_wconf 75' lang='lat' dir='ltr'><strong>arch.</strong></span> <span class='ocrx_word' id='word_1_284' title='bbox 1021 3815 1045 3880; x_wconf 92' lang='grc' dir='ltr'><strong><em>Ι,</em></strong></span> <span class='ocrx_word' id='word_1_285' title='bbox 1064 3817 1092 3882; x_wconf 90' lang='grc'><strong><em>3,</em></strong></span> <span class='ocrx_word' id='word_1_286' title='bbox 1110 3814 1164 3880; x_wconf 81' lang='lat' dir='ltr'><strong>5f.;</strong></span> <span class='ocrx_word' id='word_1_287' title='bbox 1191 3813 1289 3868; x_wconf 83' lang='lat' dir='ltr'>Euseb.</span> <span class='ocrx_word' id='word_1_288' title='bbox 1316 3830 1407 3884; x_wconf 81' lang='lat' dir='ltr'>praep.</span> <span class='ocrx_word' id='word_1_289' title='bbox 1434 3831 1476 3872; x_wconf 84' lang='lat' dir='ltr'><strong><em>ev.</em></strong></span> <span class='ocrx_word' id='word_1_290' title='bbox 1495 3815 1568 3882; x_wconf 85' lang='lat' dir='ltr'>VIII,</span> <span class='ocrx_word' id='word_1_291' title='bbox 1587 3817 1619 3872; x_wconf 91' lang='lat'><strong><em>10</em></strong></span> <span class='ocrx_word' id='word_1_292' title='bbox 1630 3817 1647 3870; x_wconf 83' lang='lat' dir='ltr'><strong><em>f.</em></strong></span> 
     </span>
     <span class='ocr_line' id='line_1_31' title="bbox 344 3913 1649 3986; baseline 0.002 -16"><span class='ocrx_word' id='word_1_293' title='bbox 344 3916 427 3971; x_wconf 68' lang='lat'><strong>2711.</strong></span> <span class='ocrx_word' id='word_1_294' title='bbox 454 3915 519 3985; x_wconf 79' lang='lat' dir='ltr'><strong><em>VgI.</em></strong></span> <span class='ocrx_word' id='word_1_295' title='bbox 541 3933 566 3969; x_wconf 87' lang='lat' dir='ltr'><strong><em>u.</em></strong></span> <span class='ocrx_word' id='word_1_296' title='bbox 594 3917 716 3985; x_wconf 83' lang='grc' dir='ltr'><strong><em>Βαιθήλ;</em></strong></span> <span class='ocrx_word' id='word_1_297' title='bbox 743 3917 799 3986; x_wconf 85' lang='lat' dir='ltr'>vgl.</span> <span class='ocrx_word' id='word_1_298' title='bbox 826 3917 939 3986; x_wconf 82' lang='grc' dir='ltr'><strong><em>Ριοοομ.</em></strong></span> <span class='ocrx_word' id='word_1_299' title='bbox 959 3919 1025 3972; x_wconf 89' lang='grc'>1019</span> <span class='ocrx_word' id='word_1_300' title='bbox 1041 3918 1080 3970; x_wconf 82' lang='lat' dir='ltr'><strong><em>A:</em></strong></span> <span class='ocrx_word' id='word_1_301' title='bbox 1106 3923 1198 3972; x_wconf 84' lang='grc' dir='ltr'><strong><em>κεῖται</em></strong></span> <span class='ocrx_word' id='word_1_302' title='bbox 1224 3913 1254 3970; x_wconf 73' lang='grc' dir='ltr'><strong><em>δέ</em></strong></span> <span class='ocrx_word' id='word_1_303' title='bbox 1271 3915 1287 3984; x_wconf 77' lang='grc' dir='ltr'><em>ἡ</em></span> <span class='ocrx_word' id='word_1_304' title='bbox 1306 3917 1416 3984; x_wconf 79' lang='grc' dir='ltr'><strong><em>Βαιθηλ</em></strong></span> <span class='ocrx_word' id='word_1_305' title='bbox 1439 3913 1583 3972; x_wconf 83' lang='grc' dir='ltr'><strong><em>ἀπιόντων</em></strong></span> <span class='ocrx_word' id='word_1_306' title='bbox 1608 3915 1649 3984; x_wconf 87' lang='grc' dir='ltr'><strong><em>εἰς</em></strong></span> 
     </span>
     <span class='ocr_line' id='line_1_32' title="bbox 343 4013 1648 4094; baseline 0.002 -23"><span class='ocrx_word' id='word_1_307' title='bbox 343 4013 444 4071; x_wconf 79' lang='grc' dir='ltr'><strong><em>Αἰλίαν</em></strong></span> <span class='ocrx_word' id='word_1_308' title='bbox 462 4013 519 4071; x_wconf 77' lang='grc' dir='ltr'><strong><em>ἀκδ</em></strong></span> <span class='ocrx_word' id='word_1_309' title='bbox 532 4016 722 4084; x_wconf 84' lang='grc' dir='ltr'><strong><em>Νεασιιδλεως</em></strong></span> <span class='ocrx_word' id='word_1_310' title='bbox 739 4013 770 4072; x_wconf 83' lang='grc' dir='ltr'><strong><em>έν</em></strong></span> <span class='ocrx_word' id='word_1_311' title='bbox 788 4014 923 4094; x_wconf 80' lang='grc' dir='ltr'><strong><em>ἀριστερᾷ</em></strong></span> <span class='ocrx_word' id='word_1_312' title='bbox 940 4024 989 4085; x_wconf 81' lang='grc' dir='ltr'><strong><em>τῆς</em></strong></span> <span class='ocrx_word' id='word_1_313' title='bbox 1007 4015 1074 4073; x_wconf 87' lang='grc' dir='ltr'><strong><em>ὁδοῦ</em></strong></span> <span class='ocrx_word' id='word_1_314' title='bbox 1092 4014 1166 4088; x_wconf 84' lang='grc' dir='ltr'><strong><em>ἀμφὶ</em></strong></span> <span class='ocrx_word' id='word_1_315' title='bbox 1183 4014 1215 4072; x_wconf 85' lang='grc' dir='ltr'><strong><em>τό</em></strong></span> <span class='ocrx_word' id='word_1_316' title='bbox 1228 4014 1386 4073; x_wconf 83' lang='grc' dir='ltr'><strong><em>δωδέκατον</em></strong></span> <span class='ocrx_word' id='word_1_317' title='bbox 1399 4015 1497 4083; x_wconf 58' lang='lat' dir='ltr'><strong><em>Amas</em></strong></span> <span class='ocrx_word' id='word_1_318' title='bbox 1518 4026 1648 4088; x_wconf 86' lang='grc' dir='ltr'><strong><em>σημεῖον;</em></strong></span> 
     </span>
     <span class='ocr_line' id='line_1_33' title="bbox 343 4111 1518 4188; baseline 0.004 -17"><span class='ocrx_word' id='word_1_319' title='bbox 343 4118 395 4172; x_wconf 76' lang='lat'><strong><em>320</em></strong></span> <span class='ocrx_word' id='word_1_320' title='bbox 408 4121 444 4172; x_wconf 87' lang='lat' dir='ltr'><strong><em>A:</em></strong></span> <span class='ocrx_word' id='word_1_321' title='bbox 463 4111 556 4187; x_wconf 79' lang='grc' dir='ltr'><strong><em>Ἄγγαί</em></strong></span> <span class='ocrx_word' id='word_1_322' title='bbox 572 4115 602 4174; x_wconf 73' lang='grc' dir='ltr'><strong><em>δὲ</em></strong></span> <span class='ocrx_word' id='word_1_323' title='bbox 619 4125 669 4173; x_wconf 81' lang='grc' dir='ltr'><strong><em>νῦν</em></strong></span> <span class='ocrx_word' id='word_1_324' title='bbox 687 4113 793 4188; x_wconf 78' lang='grc' dir='ltr'><strong><em>ἔρημος</em></strong></span> <span class='ocrx_word' id='word_1_325' title='bbox 810 4119 899 4184; x_wconf 87' lang='grc' dir='ltr'><strong><em>τόπος</em></strong></span> <span class='ocrx_word' id='word_1_326' title='bbox 917 4116 976 4175; x_wconf 87' lang='grc' dir='ltr'><strong><em>έστί</em></strong></span> <span class='ocrx_word' id='word_1_327' title='bbox 991 4119 1065 4175; x_wconf 84' lang='grc' dir='ltr'><strong><em>κατὰ</em></strong></span> <span class='ocrx_word' id='word_1_328' title='bbox 1083 4119 1189 4188; x_wconf 86' lang='grc' dir='ltr'><strong><em>δυσμὰς</em></strong></span> <span class='ocrx_word' id='word_1_329' title='bbox 1207 4119 1316 4186; x_wconf 75' lang='grc' dir='ltr'><strong><em>Βαιθηλ</em></strong></span> <span class='ocrx_word' id='word_1_330' title='bbox 1335 4114 1369 4172; x_wconf 76' lang='grc' dir='ltr'><strong><em>οὐ</em></strong></span> <span class='ocrx_word' id='word_1_331' title='bbox 1385 4122 1518 4176; x_wconf 88' lang='grc' dir='ltr'><strong><em>πλεῖστον</em></strong></span> 
     </span>
    </p>
   </div>
   <div class='ocr_carea' id='block_1_5' title="bbox 344 4298 1651 4679">
    <p class='ocr_par' dir='ltr' id='par_1_5' title="bbox 344 4298 1651 4679">
     <span class='ocr_line' id='line_1_34' title="bbox 429 4298 1650 4374; baseline 0.002 -18"><span class='ocrx_word' id='word_1_332' title='bbox 429 4302 501 4370; x_wconf 72' lang='grc' dir='ltr'><strong><em>2τῇ</em></strong></span> <span class='ocrx_word' id='word_1_333' title='bbox 583 4299 682 4373; x_wconf 85' lang='grc' dir='ltr'><strong><em>δράσει</em></strong></span> <span class='ocrx_word' id='word_1_334' title='bbox 699 4303 830 4358; x_wconf 69' lang='grc' dir='ltr'><strong><em>Βοολιετε</em></strong></span> <span class='ocrx_word' id='word_1_335' title='bbox 847 4309 899 4358; x_wconf 84' lang='grc' dir='ltr'><strong><em>τῶι</em></strong></span> <span class='ocrx_word' id='word_1_336' title='bbox 982 4298 1041 4374; x_wconf 77' lang='grc' dir='ltr'><strong><em>θρω</em></strong></span> <span class='ocrx_word' id='word_1_337' title='bbox 1059 4303 1084 4355; x_wconf 94' lang='lat' dir='ltr'>V</span> <span class='ocrx_word' id='word_1_338' title='bbox 1139 4299 1307 4372; x_wconf 85' lang='grc' dir='ltr'><strong><em>Ιίἀισηπιιος</em></strong></span> <span class='ocrx_word' id='word_1_339' title='bbox 1322 4303 1351 4358; x_wconf 88' lang='lat' dir='ltr'>V</span> <span class='ocrx_word' id='word_1_340' title='bbox 1368 4322 1421 4358; x_wconf 85' lang='lat' dir='ltr'><strong><em>nur</em></strong></span> <span class='ocrx_word' id='word_1_341' title='bbox 1437 4303 1497 4358; x_wconf 85' lang='lat' dir='ltr'><strong>hier</strong></span> <span class='ocrx_word' id='word_1_342' title='bbox 1565 4300 1650 4361; x_wconf 81' lang='grc' dir='ltr'><strong><em>θαύ·</em></strong></span> 
     </span>
     <span class='ocr_line' id='line_1_35' title="bbox 344 4401 1650 4475; baseline -0.001 -16"><span class='ocrx_word' id='word_1_343' title='bbox 344 4409 393 4471; x_wconf 81' lang='grc' dir='ltr'><strong><em>τῆς</em></strong></span> <span class='ocrx_word' id='word_1_344' title='bbox 410 4403 518 4474; x_wconf 80' lang='lat' dir='ltr'>Ioseph.</span> <span class='ocrx_word' id='word_1_345' title='bbox 536 4403 636 4459; x_wconf 77' lang='lat' dir='ltr'>Euseb.</span> <span class='ocrx_word' id='word_1_346' title='bbox 654 4405 710 4473; x_wconf 84' lang='lat' dir='ltr'><strong><em>ng.</em></strong></span> <span class='ocrx_word' id='word_1_347' title='bbox 728 4405 799 4459; x_wconf 80' lang='lat' dir='ltr'>oben</span> <span class='ocrx_word' id='word_1_348' title='bbox 834 4401 931 4469; x_wconf 77' lang='grc' dir='ltr'><strong><em>αὐτοῖς</em></strong></span> <span class='ocrx_word' id='word_1_349' title='bbox 950 4405 975 4458; x_wconf 89' lang='lat' dir='ltr'>V</span> <span class='ocrx_word' id='word_1_350' title='bbox 1029 4406 1067 4461; x_wconf 91' lang='lat'><strong><em>10</em></strong></span> <span class='ocrx_word' id='word_1_351' title='bbox 1084 4412 1136 4460; x_wconf 85' lang='grc' dir='ltr'><strong><em>τοῦ</em></strong></span> <span class='ocrx_word' id='word_1_352' title='bbox 1160 4404 1189 4460; x_wconf 86' lang='grc' dir='ltr'><strong><em>δε</em></strong></span> <span class='ocrx_word' id='word_1_353' title='bbox 1208 4405 1316 4475; x_wconf 82' lang='lat' dir='ltr'>Ioseph.</span> <span class='ocrx_word' id='word_1_354' title='bbox 1335 4405 1433 4460; x_wconf 78' lang='lat' dir='ltr'>Euseb.</span> <span class='ocrx_word' id='word_1_355' title='bbox 1455 4407 1536 4462; x_wconf 81' lang='grc' dir='ltr'><strong><em>τοῦδε</em></strong></span> <span class='ocrx_word' id='word_1_356' title='bbox 1553 4413 1605 4461; x_wconf 80' lang='grc' dir='ltr'><strong><em>τοῦ</em></strong></span> <span class='ocrx_word' id='word_1_357' title='bbox 1622 4405 1650 4458; x_wconf 94' lang='lat' dir='ltr'>V</span> 
     </span>
     <span class='ocr_line' id='line_1_36' title="bbox 347 4497 1651 4576; baseline 0.002 -17"><span class='ocrx_word' id='word_1_358' title='bbox 347 4504 385 4559; x_wconf 80' lang='lat'><strong><em>14</em></strong></span> <span class='ocrx_word' id='word_1_359' title='bbox 404 4497 445 4558; x_wconf 85' lang='grc' dir='ltr'><strong><em>έτι</em></strong></span> <span class='ocrx_word' id='word_1_360' title='bbox 456 4504 565 4574; x_wconf 78' lang='grc' dir='ltr'><strong><em>ἰοεερίι.</em></strong></span> <span class='ocrx_word' id='word_1_361' title='bbox 577 4505 677 4560; x_wconf 81' lang='lat' dir='ltr'><strong>Euseb.</strong></span> <span class='ocrx_word' id='word_1_362' title='bbox 694 4501 741 4562; x_wconf 83' lang='grc' dir='ltr'><strong><em>έπι</em></strong></span> <span class='ocrx_word' id='word_1_363' title='bbox 760 4506 784 4560; x_wconf 94' lang='lat' dir='ltr'>V</span> <span class='ocrx_word' id='word_1_364' title='bbox 833 4509 867 4563; x_wconf 76' lang='lat'><strong><em>17</em></strong></span> <span class='ocrx_word' id='word_1_365' title='bbox 891 4508 1048 4576; x_wconf 78' lang='grc' dir='ltr'><strong><em>φοινικικίγν</em></strong></span> <span class='ocrx_word' id='word_1_366' title='bbox 1061 4507 1171 4576; x_wconf 83' lang='lat' dir='ltr'>Ioseph.</span> <span class='ocrx_word' id='word_1_367' title='bbox 1184 4505 1282 4560; x_wconf 78' lang='lat' dir='ltr'>Euseb.</span> <span class='ocrx_word' id='word_1_368' title='bbox 1300 4509 1430 4575; x_wconf 76' lang='grc' dir='ltr'><strong><em>φοινικην</em></strong></span> <span class='ocrx_word' id='word_1_369' title='bbox 1443 4506 1470 4560; x_wconf 95' lang='lat' dir='ltr'>V</span> <span class='ocrx_word' id='word_1_370' title='bbox 1523 4509 1564 4563; x_wconf 77' lang='lat'><strong><em>20</em></strong></span> <span class='ocrx_word' id='word_1_371' title='bbox 1577 4502 1651 4563; x_wconf 73' lang='grc' dir='ltr'><strong><em>ἔστιν</em></strong></span> 
     </span>
     <span class='ocr_line' id='line_1_37' title="bbox 345 4601 1121 4679; baseline 0.003 -21"><span class='ocrx_word' id='word_1_372' title='bbox 345 4606 417 4659; x_wconf 78' lang='lat' dir='ltr'><strong>nach</strong></span> <span class='ocrx_word' id='word_1_373' title='bbox 435 4604 460 4658; x_wconf 90' lang='grc' dir='ltr'><strong><em>Η</em></strong></span> <span class='ocrx_word' id='word_1_374' title='bbox 477 4605 587 4676; x_wconf 76' lang='lat' dir='ltr'>Ioseph.</span> <span class='ocrx_word' id='word_1_375' title='bbox 606 4606 704 4661; x_wconf 76' lang='lat' dir='ltr'>Euseb.</span> <span class='ocrx_word' id='word_1_376' title='bbox 724 4601 764 4662; x_wconf 79' lang='grc' dir='ltr'><strong><em>έτι</em></strong></span> <span class='ocrx_word' id='word_1_377' title='bbox 781 4615 831 4662; x_wconf 90' lang='grc' dir='ltr'><strong><em>νῦν</em></strong></span> <span class='ocrx_word' id='word_1_378' title='bbox 850 4608 874 4661; x_wconf 91' lang='lat' dir='ltr'>V</span> <span class='ocrx_word' id='word_1_379' title='bbox 944 4610 983 4663; x_wconf 75' lang='lat' dir='ltr'><strong><em>2ss</em></strong></span> <span class='ocrx_word' id='word_1_380' title='bbox 1000 4603 1082 4679; x_wconf 77' lang='grc' dir='ltr'><strong><em>Ἇχάβ</em></strong></span> <span class='ocrx_word' id='word_1_381' title='bbox 1099 4607 1121 4660; x_wconf 93' lang='lat' dir='ltr'>V</span> 
     </span>
    </p>
   </div>
   <div class='ocr_carea' id='block_1_6' title="bbox 0 0 1900 5542">
    <p class='ocr_par' dir='ltr' id='par_1_6' title="bbox 0 0 1900 5542">
     <span class='ocr_line' id='line_1_38' title="bbox 0 0 1900 5542; baseline 0 0"><span class='ocrx_word' id='word_1_382' title='bbox 0 0 1900 5542; x_wconf 95' lang='lat' dir='ltr'><strong><em> </em></strong></span> 
     </span>
    </p>
   </div>
  </div>
 </body>
</html>
