3780 5536
775 484 966 554 Hieronymus,
1488 490 1528 550 57

122 657 205 712 AOH
301 652 506 719 Baalthamar
535 655 624 719 iuxta
647 653 745 734 Gaba,
775 654 830 718 ubi
851 653 910 718 filii
932 653 1028 719 lsrael
1049 657 1199 720 aduersus
1220 654 1339 718 tribum
1360 652 1529 716 Beniamin

218 753 504 936 prpgpplaotplrrtamen.
540 759 571 818 et
590 777 692 838 usqne
706 755 800 820 hodie
816 752 1033 818 Beththamari
1047 755 1080 818 in
1095 776 1190 837 snpra
1205 753 1297 818 dietis
1311 753 1389 820 loois
1405 752 1528 818 uionlus

687 1103 735 1168 De
758 1101 940 1186 Regnorum
961 1101 1059 1168 libris.

187 1257 203 1308 5
303 1251 474 1317 Bethahur.
509 1275 609 1337 usque
631 1256 670 1317 ad
685 1255 769 1320 hunc
782 1256 888 1321 looum
902 1255 1039 1340 populns
1054 1253 1151 1319 Israel
1165 1254 1322 1338 fugientes
1337 1252 1529 1334 alienigenas

220 1356 403 1434 persecutus
425 1356 480 1426 est
503 1352 666 1435 appellans
690 1377 760 1419 eum
782 1355 920 1438 lapidem
942 1354 1100 1419 adiutorii.

303 1450 413 1528 Rama,
442 1451 499 1515 ubi
529 1451 605 1516 Saul
634 1456 809 1537 ungendus¹
830 1455 864 1518 in
894 1473 1000 1537 regem
1031 1477 1103 1518 oum
1134 1451 1261 1518 Samuel
1291 1451 1395 1516 cibum
1425 1452 1529 1516 sumit.

221 1570 315 1632 porro
338 1549 439 1614 Barna
460 1550 579 1635 Aquila
600 1574 724 1636 semper
745 1554 904 1630 excelsum
925 1553 1095 1618 transtulit.

305 1747 405 1814 Boses
436 1771 550 1814 nomen
580 1757 700 1833 petrae,
730 1777 820 1835 super
848 1777 910 1835 quo
935 1759 970 1817 in
991 1757 1070 1816 libris
1091 1756 1302 1816 Hebror'aarum
1323 1756 1530 1832 quaestionum

172 1849 205 1902 10
222 1853 363 1912 diximus.

303 1947 312 2030 l!
334 1948 433 2012 Besor
454 1953 577 2015 torrens
600 1955 639 2015 ad
661 1973 755 2035 quem
775 1954 863 2016 uenit
885 1951 996 2016 Dauid.
1549 1965 1597 2020 107

304 2047 448 2112 Borasan
470 2052 509 2112 ad
532 2072 625 2133 quem
647 2049 753 2115 locum
774 2051 880 2115 Dauid
902 2053 1036 2135 praedae
1057 2055 1179 2134 partem
1201 2049 1295 2114 misit.

304 2146 435 2212 Baurim
464 2149 554 2215 loeus
585 2154 625 2213 ad
652 2171 745 2233 quem
767 2171 868 2233 usque
888 2153 1074 2234 prosecutus
1097 2154 1145 2214 est
1165 2147 1285 2213 Michol
1307 2147 1405 2212 filiam
1428 2145 1530 2212 Saulis

223 2246 273 2310 uir
293 2269 370 2311 suus
391 2247 566 2313 lacrimans.

173 2345 205 2398 15
307 2345 461 2412 Baalasor
480 2348 569 2412 iuxta
590 2347 723 2424 Efraim,
745 2349 801 2414 ubi
821 2349 1010 2414 Abessalom
1031 2369 1147 2431 peoora
1167 2349 1386 2413 tondebantur.

306 2546 509 2612 Bethmaeha.
549 2569 650 2631 usque
677 2549 718 2610 ad
737 2548 819 2611 hano
839 2551 1022 2630 persecutus
1044 2554 1091 2612 est
1112 2546 1189 2613 Ioab
1210 2545 1403 2631 perduellem
1424 2544 1532 2622 Sabae,

225 2652 256 2710 et
276 2651 386 2729 postea
407 2668 477 2710 eam
497 2646 632 2730 legimus
655 2647 694 2710 ab
716 2648 921 2729 Assyriorum
942 2667 1015 2731 rege
1038 2652 1170 2731 captam.
1213 2650 1261 2712 est
1291 2650 1395 2710 autem
1426 2667 1533 2710 aseen-
1599 2681 1601 2688 ⁴

225 2746 372 2811 dentibus
403 2745 441 2810 'de
462 2733 701 2829 Eleutheropoli
723 2746 847 2810 Aeliam
881 2747 916 2810 in
951 2752 1064 2811 ootauo
1094 2745 1200 2829 lapide
1230 2767 1315 2811 nune
1346 2745 1423 2810 uilla
1453 2767 1533 2830 quae

223 2845 414 2910 Machamim
437 2844 561 2911 dieitur.

174 2947 208 3001 20
305 2944 440 3009 Balaath
462 2944 537 3010 urbs
559 2967 654 3029 quam
676 2945 856 3010 aedificarit
877 2944 1036 3010 Salomon.

306 3043 488 3108 Bethsarisa
508 3047 592 3109 unde
614 3045 702 3110 uenit
722 3045 818 3110 homo
841 3067 912 3109 oum
926 3044 1109 3110 muneribus
1124 3049 1163 3109 ad
1178 3044 1355 3110 Elissseum
1369 3043 1534 3126 profetam·

225 3148 273 3208 est
303 3149 408 3208 autem
437 3143 515 3208 uilla
544 3144 579 3208 in
608 3145 725 3210 finibus
747 3143 935 3228 Diospoleos
966 3144 1146 3229 quindecim
1168 3144 1265 3208 ferme
1288 3144 1327 3207 ab
1351 3165 1387 3207 ea
1408 3142 1534 3209 milibus

225 3246 345 3308 distans
368 3249 478 3308 eontra
499 3245 745 3328 septentrionem
765 3246 801 3308 in
822 3243 950 3328 regione
972 3243 1179 3308 Thamnitioa.

308 3342 474 3428 Bethagan
496 3344 549 3408 uia
569 3365 626 3426 per
648 3366 743 3428 quam
765 3343 936 3408 Ochosiam
957 3343 1077 3427 fugisse
1099 3343 1241 3427 legimus.

174 3445 207 3498 25
308 3442 464 3508 Bazeoath
487 3445 563 3508 urbs
585 3444 715 3527 antiqua
734 3442 875 3508 Iudaeae.

311 3541 492 3608 Bethaoath
522 3542 612 3608 uisus
635 3541 794 3607 Samariae
824 3545 864 3606 ad
894 3564 988 3626 quem
1017 3543 1107 3607 uenit
1135 3540 1190 3606 leu
1211 3563 1265 3605 rex
1287 3539 1396 3619 Israel,
1427 3538 1535 3625 quiin

312 4283 391 4340 1611
409 4284 473 4337 Sam
491 4285 532 4351 20,
551 4283 616 4338 13ff.
688 4284 723 4339 17
745 4283 770 4336 ΙΙ
789 4283 850 4337 Kdn
869 4285 909 4349 15,
928 4285 961 4340 29

311 4435 507 4492 2Bethamari
525 4437 605 4505 (AJH
654 4436 805 4492 lassumit
826 4435 961 4491 Osnmsit
984 4437 1024 4490 Va
1070 4435 1243 4491 Sexoelsam
1261 4437 1319 4490 AH
1373 4435 1410 4490 11
1429 4436 1536 4488 torrens

226 4537 388 4606 Martiauoy
406 4539 487 4593 turris
505 4539 614 4594 ABOH
688 4539 792 4606 {quam
810 4538 869 4592 ΒΗ
933 4538 968 4593 11
989 4539 1051 4608 post
1068 4554 1129 4592 eam
1147 4537 1227 4605 (affl
1292 4539 1330 4593 19
1349 4535 1539 4590 thamimC

225 4639 393 4734 Machamim
410 4641 452 4696 Lo
523 4641 561 4698 24
581 4639 655 4696 viam
674 4639 757 4694 AOH
821 4639 859 4695 25
879 4639 1037 4694 Bazeohath
1059 4639 1082 4694 O
