3750 5540
784 520 974 591 Hieronymus.

700 758 748 823 De
770 757 952 842 Regnorum
973 758 1069 824 libris

308 907 474 973 Remmath
497 912 536 973 ad
559 931 653 992 quam
675 909 780 973 Dauid
801 911 935 991 praedae
957 912 1077 990 partem
1101 909 1193 973 misit.

307 1006 435 1072 Rachel.
479 1014 510 1072 et
532 1012 571 1072 ad
594 1011 674 1072 hanc
696 1009 801 1072 Dauid
823 1009 997 1091 spoliorum
1018 1013 1139 1093 partem
1161 1008 1254 1074 misit.

307 1105 476 1174 Remmoth
499 1108 616 1173 (laland
643 1107 721 1172 uilla
746 1114 831 1171 trans
854 1106 1018 1172 Iordanem
1044 1109 1132 1172 iuxta
1153 1108 1287 1172 fluuium
1308 1107 1412 1175 laboc.
1455 1111 1533 1174 dixi-

187 1221 204 1272 5
223 1229 294 1272 mus
317 1210 436 1273 dehac
459 1213 490 1272 et
512 1230 613 1291 supra.

283 1308 292 1390 ll
314 1307 459 1372 Rabbath
492 1309 604 1373 ciuitas
633 1307 724 1390 regni
753 1307 904 1388 Ammon,
934 1329 1017 1372 nuno
1047 1307 1219 1372 Filadelfia.
1270 1309 1359 1374 cuius
1389 1311 1532 1373 meminit
1550 1327 1598 1379 147

220 1405 378 1472 Ieremias.

304 1505 390 1571 Reos
413 1529 507 1590 quam
522 1507 725 1590 pertransiuit
739 1505 853 1584 Dauid,
874 1528 931 1588 pro
953 1529 1016 1590 qua
1031 1507 1149 1590 Aquila
1164 1512 1195 1571 11
1209 1506 1416 1588 Symmachus
1436 1509 1530 1574 inter-

219 1610 384 1688 pretantur
406 1627 517 1671 arcem.
801 1657 808 1668 .

168 1715 202 1768 10
305 1703 463 1787 Rogellim
486 1708 567 1770 unde
591 1705 652 1768 fuit
673 1703 808 1768 Berzelli
832 1704 1010 1769 Galaaditcs
1032 1707 1150 1771 amicus
1173 1705 1285 1771 Dauid.

303 1903 428 1970 Rafaim
451 1905 543 1970 uallis
565 1905 780 1989 Allofylorum
803 1909 841 1969 ad
863 1906 1138 1989 septentrionalem
1161 1907 1285 1992 plagam
1308 1908 1487 1975 Ierusalem.

300 2101 455 2168 Remman
477 2105 589 2170 ciuitas
611 2126 723 2188 regum
746 2106 854 2187 Syriae
876 2107 965 2170 iuxta
986 2105 1186 2171 Damascum.

299 2303 389 2367 Reth.
434 2305 513 2367 hanc
535 2305 689 2385 percussit
711 2305 777 2368 Asa
798 2326 859 2367 rex.

299 2402 443 2481 Rathem,
465 2425 521 2486 pro
545 2425 608 2486 quo
631 2403 749 2486 Aquila
770 2403 993 2486 interpretatur
1015 2397 1199 2487 ἄρκευθον,
1225 2410 1258 2469 id
1278 2415 1320 2469 cat
1341 2410 1524 2486 *iuniperuoa

163 2514 195 2566 15
216 2502 421 2583 Symmachus
443 2501 671 2567 umbraculum.

298 2600 461 2665 Remmon.
504 2603 598 2666 huius
620 2601 763 2665 meminit
784 2602 894 2666 Esaias
916 2603 949 2666 in
970 2603 1092 2667 uisicne
1115 2607 1224 2668 eontra
1245 2603 1350 2670 Moab.

296 2801 396 2865 Ilasef
413 2802 524 2866 ciuitas
547 2801 664 2884 Syriae.

295 2898 409 2964 Rafeth
425 2903 500 2966 urbs
516 2903 718 2984 Assyriorum
733 2901 764 2964 in
781 2902 909 2985 regione
925 2902 1073 2980 Theman,
1089 2906 1127 2967 de
1142 2925 1205 2987 qua
1219 2904 1251 2967 in
1260 2903 1356 2968 Esaia
1366 2905 1520 2971 scribitur.

294 3100 396 3168 Rebla
418 3101 450 3163 in
472 3103 555 3164 terra
578 3099 700 3178 Emath,
722 3103 805 3164 unde
827 3101 930 3165 uictor
951 3101 1051 3166 Farao
1074 3105 1245 3167 adductum
1266 3101 1398 3168 Ioachaz
1420 3108 1519 3168 trans-

158 3201 285 3268 20111111
307 3203 497 3284 Aegyptum.

315 3301 447 3366 Remma
482 3323 572 3366 mons
606 3301 639 3362 in
674 3299 781 3378 Esaia,
820 3322 877 3382 pro
918 3322 979 3383 quo
1014 3300 1132 3383 Aquila
1171 3301 1393 3385 interpretatur
1428 3324 1518 3368 mous

209 3400 372 3476 Emmona,
411 3399 617 3484 Symmachus
650 3399 683 3461 in
713 3399 871 3465 Armenia.
923 3404 970 3464 est
1013 3406 1043 3463 11
1087 3399 1163 3464 uilla
1199 3400 1349 3466 Remmus
1386 3403 1419 3466 in
1455 3403 1518 3466 Da-

209 3522 303 3563 roma.
357 3523 450 3582 porro
482 3501 514 3563 in
541 3499 722 3582 Regnorum
752 3499 842 3562 libris
872 3497 1036 3562 Remmam
1067 3502 1178 3564 domus
1210 3501 1324 3564 dicitur
1354 3501 1431 3565 idoli
1453 3501 1517 3566 Da-

242 3621 260 3661 a
314 3621 353 3660 nr.

157 3711 190 3764 25
208 3621 238 3662 m
261 3621 447 3764 SClteblatha
476 3697 563 3781 regio
584 3696 833 3779 Babyloniorum
864 3699 930 3762 siue
967 3699 1049 3778 urbs,
1080 3721 1173 3782 quam
1204 3722 1287 3764 nuno
1314 3700 1515 3764 Antiochiam

208 3821 227 3860 u
251 3802 331 3860 cant.

231 3820 248 3861 ⁰
288 3896 429 3975 Ramalc,
464 3919 521 3979 pro
557 3920 619 3981 quo
650 3896 768 3980 Aquila
798 3897 1021 3979 interpretatur
1051 3898 1247 3962 exaltabitur.
1300 3901 1453 3982 scriptum
1480 3901 1514 3964 in

289 4317 398 4373 ssHier.
418 4335 514 4372 comm.
537 4317 777 4382 ἰ1111121,1811.;
806 4319 935 4374 Rabbath
960 4317 1080 4374 filiorum
1098 4321 1224 4387 Ammon,
1252 4338 1322 4389 quae
1349 4324 1390 4374 est
1415 4319 1512 4374 ciuitas

205 4420 364 4489 metropolis
383 4421 411 4474 et
428 4419 510 4474 hodie
528 4419 703 4489 Piladelphia
719 4420 879 4475 nominatur

289 4589 450 4648 aet<0
528 4588 647 4644 llacob
670 4588 723 4642 CH
793 4583 1304 4662 91111111Α1111111101.ἄκραν’ἓ
1376 4589 1510 4645 12111111-

203 4709 275 4743 1111111
295 4691 348 4745 ΑΟ
415 4692 454 4745 22
474 4689 581 4744 Emona
598 4691 650 4744 AB
718 4692 755 4746 27
778 4692 794 4744 1.
815 4691 955 4747 Ramade‘?
1021 4691 1180 4761 lscriptum]
1200 4697 1232 4755 -l-
1251 4691 1337 4745 estO

1245 4777 1298 4830 10*
