3750 5540
757 487 950 556 Hieronymus.
1449 498 1506 558 157

104 664 187 718 ICH
314 655 409 720 Scire.
453 659 484 718 et
504 655 586 718 hanc
608 655 691 738 cepit
713 658 808 719 Iesus.
1526 674 1574 725 151

285 754 405 820 Selcha.
448 755 560 820 ciuitas
582 755 614 818 in
637 755 765 838 regione
787 755 978 820 Basanitide.

286 853 363 918 Sior.
406 853 494 918 locus
525 860 633 918 contra
663 854 774 918 faciem
798 856 943 938 Aegypti.
987 858 1040 920 sed
1068 859 1099 918 et
1121 856 1213 920 hodie
1236 858 1413 920 ostenditur
1432 855 1509 920 uilla

200 954 327 1018 nomine
350 952 421 1017 Sior
441 953 523 1016 inter
545 953 669 1019 Aeliam
692 958 723 1018 et
744 954 1014 1038 Eleutheropolim
1041 955 1073 1017 in
1096 955 1181 1018 tribu
1203 955 1308 1019 Iudae.
1349 980 1437 1037 super
1458 962 1510 1019 hoe

167 1060 235 1120 oin
257 1058 341 1116 libris
362 1058 575 1116 Hebraiecrum
597 1060 808 1134 quaestionum
823 1060 947 1136 plenius
969 1060 1085 1119 dicitur.

286 1153 407 1217 Saorth.
450 1153 482 1215 in
505 1152 589 1216 trihu
611 1151 723 1218 Ruben
746 1175 840 1236 super
861 1152 1034 1219 Iordanem.

133 1260 188 1314 AC
285 1251 432 1317 Sachoth.
474 1253 507 1316 in
529 1253 612 1316 tribu
636 1252 704 1316 (iad
726 1276 820 1336 super
841 1254 1014 1318 Iordanem.

287 1351 393 1416 Safon.
435 1352 469 1416 in
491 1353 576 1416 tribu
599 1350 665 1416 Gad
689 1375 783 1435 super
805 1354 976 1418 Iordanem.

285 1451 474 1518 Sacharona.
517 1452 549 1515 in
572 1453 656 1516 tribu
678 1451 782 1516 Iudae.

286 1551 408 1616 Samen.
451 1553 484 1614 in
505 1552 590 1616 tribu
604 1551 712 1616 Iudae.

286 1651 367 1714 Saal.
410 1651 443 1715 in
466 1653 551 1716 tribu
572 1651 670 1715 Iudae
692 1651 758 1716 siue
781 1650 955 1734 Symeonis.

286 1749 412 1816 Seceleo
443 1773 538 1835 quam
564 1751 694 1814 Ancbus
725 1771 780 1814 rex
811 1750 1059 1832 alienigenarum
1089 1751 1175 1814 dedit
1205 1754 1244 1814 ad
1273 1751 1512 1815 inhabitandum

202 1849 314 1914 Dauid.
359 1854 407 1914 est
423 1854 528 1914 autem
550 1850 582 1913 in
604 1849 743 1914 Daroma
765 1850 858 1915 sortis
879 1849 975 1914 Indae
997 1851 1065 1914 siue
1088 1849 1261 1932 Symeonis.

286 1949 434 2014 Sansana.
477 1949 509 2013 in
531 1952 616 2014 tribu
638 1949 742 2013 Iudae.

152 2065 185 2116 15
287 2048 377 2114 Salei.
420 2049 454 2112 in
475 2049 561 2114 tribu
583 2048 687 2113 Iudae.

288 2149 391 2213 Saara.
433 2148 524 2212 uicus
546 2148 578 2211 in
601 2148 716 2212 finibus
738 2147 1020 2231 Eleutheropoleos
1047 2152 1157 2213 contra
1178 2149 1423 2230 septentrionem
1445 2172 1513 2232 per-

204 2249 350 2333 gentibus
373 2246 557 2330 Nicopolim
589 2249 676 2330 quasi
708 2249 740 2310 in
763 2249 884 2314 decimo
907 2248 1044 2313 miliario
1065 2250 1099 2313 in
1121 2247 1206 2311 tribu
1227 2247 1298 2311 Dan
1321 2250 1387 2313 siue
1410 2248 1514 2314 Iudae.

286 2447 408 2513 Soccho
431 2448 464 2511 in
485 2447 570 2512 tribu
585 2447 692 2511 Iudae·
726 2454 800 2512 sunt
821 2453 925 2512 autern
947 2471 1047 2531 usque
1068 2448 1163 2511 hodie
1185 2447 1283 2510 uiculi
1299 2451 1361 2512 duo
1383 2469 1514 2533 pergen-

205 2548 288 2611 tibus
312 2548 436 2612 Aeliam
459 2551 497 2610 de
519 2547 758 2629 Eleutheropoli
779 2548 811 2611 in
833 2569 917 2612 nono
940 2547 1075 2611 miliario
1098 2548 1168 2611 uiae
1190 2547 1348 2628 publicae,
1378 2571 1459 2612 unus
1482 2549 1514 2610 in

153 2659 187 2712 20
204 2652 311 2711 monte
334 2651 365 2710 et
386 2646 466 2710 alter
486 2646 520 2710 in
542 2668 653 2728 campo
676 2646 764 2724 situs,
786 2647 841 2730 qui
862 2647 1018 2712 Socchoth
1041 2650 1270 2728 nuncupantur.

289 2745 408 2810 Sarain.
451 2746 483 2808 in
505 2747 590 2808 tribu
613 2743 716 2809 Iudae.

288 2847 410 2911 Senam.
453 2845 486 2909 in
507 2846 592 2909 tribu
612 2844 716 2910 Iudae.

288 2946 370 3010 Safir
398 2945 477 3008 uilla
507 2947 539 3008 in
561 2947 718 3009 montanis
741 2945 801 3008 sita
823 2944 904 3009 inter
925 2945 1196 3029 Eleutheropolim
1219 2951 1249 3010 et
1271 2944 1461 3010 Ascalonem
1482 2946 1516 3008 in

207 3046 292 3110 tribu
314 3046 418 3110 Iudae.

156 3155 188 3209 25
291 3145 419 3210 Soceho
463 3147 500 3210 de
532 3166 595 3228 qua
623 3151 653 3208 et
675 3145 910 3227 supradictum
933 3150 987 3210 est.
1030 3147 1177 3210 dicuntur
1199 3149 1303 3208 autem
1327 3144 1515 3208 Samaritani

207 3245 262 3328 qui
281 3248 319 3308 de
340 3243 505 3326 Babylone
527 3245 660 3326 profecti
682 3250 763 3325 sunt,
786 3247 868 3308 hunc
890 3245 1030 3309 uiculum
1053 3244 1237 3310 condidisse.

290 3343 410 3408 Scacha
431 3344 462 3407 in
485 3344 570 3407 tribu
591 3342 695 3407 Iudae.

294 3443 296 3517 1
318 3442 390 3508 Salo
412 3444 445 3506 in
467 3444 552 3507 trihu
567 3442 697 3518 Efraim,
720 3444 752 3507 in
775 3465 838 3526 quo
861 3441 930 3506 loco
953 3463 1024 3505 area
1045 3443 1224 3507 testamenti
1238 3443 1353 3507 mansit
1369 3447 1399 3506 01
1414 3445 1515 3506 taber·
1534 3455 1581 3508 152

206 3544 352 3608 naculum
383 3542 503 3606 domini
534 3565 633 3625 usque
665 3545 703 3605 ad
735 3549 877 3624 tempora
908 3541 1070 3606 Samuelis.
1119 3547 1165 3606 est
1195 3546 1300 3606 autem
1330 3543 1362 3605 in
1394 3544 1514 3606 decimo

157 3652 190 3706 30
206 3643 341 3708 miliario
363 3641 559 3724 Neaspoleos
589 3641 622 3704 in
652 3642 780 3724 regione
801 3640 1022 3706 Acrabbitena.
1066 3644 1121 3705 sed
1151 3647 1182 3705 et
1203 3641 1299 3705 Iudae
1320 3642 1514 3723 patriarchae

207 3743 308 3806 filium
331 3741 437 3806 Selom
459 3742 651 3825 appellatum
672 3741 814 3826 legimus.

294 4007 375 4062 lan.
393 4007 448 4076 vgl.
468 4007 540 4061 Hier.
559 4009 663 4075 quaest.
681 4007 710 4060 in
730 4007 787 4060 Gen
807 4007 832 4060 S.
850 4009 891 4069 53,
909 4006 972 4060 8ff.:
995 4005 1043 4058 ubi
1061 4022 1110 4059 nos
1129 4005 1306 4059 tabernacula
1323 4005 1464 4066 habemus,
1485 4004 1515 4056 in

207 4107 332 4163 Hebraeo
351 4108 452 4178 leffi‘tur
470 4109 573 4162 socoth.
603 4112 644 4162 est
662 4109 753 4161 autern
771 4125 856 4176 usque
869 4108 950 4162 hodie
962 4107 1059 4161 ciuitas
1072 4109 1147 4159 trans
1160 4106 1295 4159 Iordanen
1308 4106 1360 4159 hoc
1379 4105 1514 4158 uocabulo

208 4209 280 4264 inter
296 4214 387 4280 partes
406 4209 610 4278 scythopoleoa
629 4210 667 4262 de
685 4227 748 4276 qua
766 4210 799 4262 in
818 4208 906 4262 libro
924 4208 1074 4262 locorum
1092 4205 1288 4275 scripsimus
1328 4275 1332 4282 Ι
1358 4207 1441 4262 11811.
1460 4206 1514 4275 rgl.

209 4311 281 4365 Hier.
300 4329 340 4382 ep.
361 4313 416 4378 108,
437 4313 480 4365 13:
500 4310 565 4378 quid
584 4327 692 4364 narrem
711 4311 775 4374 Silo,
794 4311 823 4362 in
836 4328 889 4378 qua
908 4310 994 4363 altare
1013 4309 1133 4362 dirutum
1151 4308 1286 4378 hodieque
1305 4311 1473 4365 monstratur

293 4561 413 4616 ssSaorh
483 4559 693 4615 ilSachorona
712 4560 753 4613 Lo
824 4563 861 4616 la
881 4561 982 4614 Sicelec
1001 4559 1042 4612 aa.
1112 4560 1151 4614 ‘22
1172 4559 1299 4612 sennan
1370 4559 1514 4612 25800100

213 4661 285 4730 Offl)
351 4663 387 4717 117
410 4663 495 4715 Scaea
512 4663 586 4729 Astii
606 4663 706 4715 Scatha
724 4663 792 4730 13ng
795 4672 800 4724 )
