3752 5542
798 512 990 583 Hieronymus,
1507 519 1546 580 25

144 683 226 740 Aca
321 676 330 762 l
350 679 490 744 Ammon
511 683 598 744 trans
620 679 786 746 Iordanem
807 681 841 745 in
862 683 947 746 tribu
971 680 1046 746 (iad.
1088 682 1167 747 haec
1190 686 1237 746 est
1257 683 1403 762 Ammon,
1425 683 1463 745 de
1485 701 1548 764 qua
1565 690 1599 747 92

238 800 334 862 supra
355 779 491 844 diximus
515 777 684 859 Filadelfia,
708 780 819 845 ciuitas
841 781 973 846 illustris
995 781 1139 846 Arabiae.

321 877 450 942 Addere
470 879 504 942 in
524 879 609 944 tribu
631 878 727 945 Iudae
747 882 837 945 iuxta
858 882 1023 946 desertum.
1066 885 1113 945 est
1135 903 1261 965 quoque
1282 885 1313 945 et
1334 881 1395 945 alia
1416 878 1494 944 uilla
1514 879 1548 942 in

239 974 356 1040 finibus
377 975 567 1060 Diospoleos
598 978 681 1045 eirca
703 977 934 1045 Thamniticam
964 981 1126 1064 regionem
1157 1002 1237 1063 quse
1268 978 1450 1044 a'dhemne
1470 977 1549 1043 uilla

206 1091 222 1144 5
241 1097 342 1159 usque
362 1075 458 1141 hodie
479 1079 525 1142 sie
546 1083 685 1143 uocatur.

324 1177 461 1242 Acoeroa
484 1177 574 1242 uicus
594 1178 628 1242 in
650 1181 773 1244 deserto
795 1179 875 1242 situs
896 1179 930 1242 in
951 1179 1148 1262 possessione
1169 1180 1270 1244 tribus
1285 1178 1382 1243 Iudae
1403 1199 1460 1261 pro
1484 1198 1547 1260 quo

241 1273 449 1359 Symmachus
470 1277 694 1360 interpretatur
713 1278 939 1362 pauimentum.

325 1376 436 1442 Achor
455 1376 489 1441 in
511 1376 596 1441 tribu
617 1376 722 1458 ludas,
745 1379 782 1440 de
805 1381 920 1460 quaet
942 1399 1037 1460 supra
1059 1378 1179 1443 dietum
1200 1381 1256 1442 est.

324 1476 507 1542 Adommim
530 1479 691 1560 quondam
705 1476 825 1556 uillula,
847 1498 931 1542 nuno
952 1476 1060 1542 ruinae
1084 1478 1116 1541 in
1138 1482 1222 1542 sorte
1243 1478 1345 1542 tribus
1367 1477 1471 1557 Iudae,
1495 1478 1549 1562 qui

191 1587 224 1640 10
240 1573 330 1639 locus
345 1596 446 1658 usquc
461 1577 554 1642 hodie
568 1581 701 1642 uocatur
714 1576 916 1656 Maledomni‚
938 1587 964 1642 ei
982 1582 1088 1642 Graece
1102 1582 1212 1642 dieitur
1228 1567 1385 1656 ἀνάβασις
1400 1578 1549 1660 πυρρῶν,

240 1678 349 1739 Latine
378 1686 478 1740 autem
505 1681 648 1758 appellari
671 1686 769 1758 polest
788 1699 930 1741 nemausus
950 1682 1092 1758 ruforum
1113 1681 1180 1741 siue
1200 1681 1404 1756 morantium,
1428 1687 1550 1758 propter

240 1779 420 1854 sanquinem
449 1779 503 1857 qui
531 1779 592 1839 illia
620 1780 716 1840 erebro
747 1799 765 1838 a
795 1780 960 1840 latronibus
988 1780 1139 1856 funditur.
1180 1786 1222 1841 esi
1251 1785 1352 1842 auum
1381 1781 1550 1857 confinium

243 1878 336 1938 tribuas
349 1878 441 1938 Iudae
461 1885 488 1938 et
504 1878 675 1954 Beniamin,
699 1875 959 1940 descendentibus
981 1875 1020 1938 ab
1036 1876 1128 1940 Aelia
1142 1874 1306 1954 lorisham,
1321 1877 1377 1942 ubi
1393 1881 1424 1940 et
1439 1875 1550 1940 castel-

241 1971 307 2037 lum
329 1963 466 2037 militum
488 1974 583 2038 situm
605 1979 653 2039 est
673 1979 708 2039 ot
729 1979 846 2040 cumlie
867 1980 1029 2039 uiatorem.
1064 1980 1157 2039 buius
1178 1981 1292 2039 cruenti
1312 1986 1338 2040 ei
1357 1980 1552 2055 sanpuinarii

191 2085 224 2136 15
243 2075 299 2136 laci
328 2077 471 2137 daminus
500 2097 615 2156 quoque
643 2079 676 2138 in
694 2078 839 2156 parabola
864 2079 1062 2139 descendentis
1082 2079 1230 2140 Ieaiabum
1251 2079 1285 2139 de
1306 2079 1486 2157 lerosolyma
1507 2097 1550 2138 re-

242 2176 386 2236 cordatum

325 2271 439 2336 Amam
460 2273 494 2337 in
514 2273 598 2337 tribu
620 2273 724 2339 Iudae.

324 2370 407 2437 Aser
435 2372 469 2436 in
498 2373 584 2438 tribu
605 2372 710 2438 iudae.
754 2371 931 2456 appellatur
960 2377 1066 2438 autem
1098 2377 1129 2437 et
1150 2395 1234 2438 nunc
1255 2375 1345 2437 uicus
1366 2373 1551 2456 pergrandis

243 2471 448 2555 pergentibus
470 2472 660 2538 Ascalonem
683 2474 721 2537 de
743 2473 853 2539 Azoto.

192 2580 227 2634 ‘20
324 2570 476 2636 Asersual
497 2573 531 2636 in
552 2572 637 2638 tribu
659 2571 763 2637 iudae.

326 2669 391 2734 Ain
414 2670 446 2734 in
467 2671 552 2736 tribu
573 2671 678 2752 Iudae,
700 2673 774 2736 urbs
797 2671 1011 2737 sacerdotibus
1034 2676 1185 2755 separata.
1223 2675 1270 2736 est
1292 2675 1323 2735 et
1344 2693 1444 2755 usque
1459 2672 1552 2737 hodie

243 2767 321 2834 uilla
335 2770 525 2836 Bethennim
546 2771 674 2837 nomine
693 2771 727 2835 in
749 2773 886 2837 secundo
907 2771 1013 2856 lapide
1035 2794 1054 2835 a
1074 2769 1261 2849 terebintho,
1285 2775 1338 2835 bac
1358 2781 1401 2835 est
1421 2775 1552 2834 tabem-

245 2871 310 2934 aulo
334 2874 474 2950 Abraam,
498 2875 649 2954 quattuor
670 2870 798 2936 milibus
820 2869 1008 2936 eOhebron.

233 3029 239 3036 .
328 2969 462 3036 Astheol
482 2971 516 3034 in
537 2971 623 3035 tribu
638 2969 742 3036 Iudae.
779 2975 810 3035 et
831 2992 931 3054 usque
949 2970 1043 3035 hodie
1058 2969 1171 3035 uillula
1185 2969 1340 3036 uocabulo
1354 2970 1457 3035 Astho
1471 2970 1553 3034 inter

194 3076 227 3131 25
243 3067 382 3133 Azotum
404 3073 436 3133 et
456 3069 647 3136 Ascalonem
668 3075 838 3153 permonet

327 3169 415 3233 Asne
433 3169 468 3233 in
488 3170 574 3234 tribu
595 3168 699 3234 Iudae.

323 3268 473 3333 Adollam
502 3269 536 3333 in
565 3270 650 3334 tribu
681 3269 784 3334 ludas.
837 3273 868 3334 et
897 3291 997 3355 usque
1027 3270 1121 3336 hodie
1151 3270 1241 3335 uicus
1271 3293 1335 3336 non
1363 3291 1481 3353 paruus
1512 3274 1553 3335 ad

244 3367 395 3434 orientem
416 3367 699 3453 Eleutheropoleos
728 3369 762 3434 in
792 3368 913 3435 decimo
936 3369 1002 3435 eius
1023 3368 1159 3435 miliario
1181 3371 1242 3435 hoc
1263 3375 1395 3433 uocatur
1416 3372 1552 3436 nomine.

328 3469 491 3534 Adithaim
521 3469 554 3532 in
584 3473 668 3535 sorte
698 3469 800 3534 tribus
821 3467 925 3534 Iudae.
968 3469 1084 3534 dicitur
1109 3473 1214 3535 eutem
1237 3473 1269 3534 et
1290 3469 1452 3554 quedldem
1474 3470 1553 3535 uilla
1570 3479 1603 3534 93

195 3579 229 3633 30
246 3567 330 3631 Adia
350 3568 439 3633 iuxta
462 3568 585 3648 Gazam,
608 3572 639 3633 et
661 3569 723 3634 alia
737 3569 856 3633 Aditha
879 3568 962 3633 circa
983 3567 1170 3651 Diospolim
1194 3569 1284 3652 quasi
1307 3572 1347 3633 ad
1369 3569 1553 3635 orientalem

246 3667 374 3751 plagam
394 3667 574 3750 respiciens.

331 4285 395 4340 er.
413 4285 469 4355 vgl.
488 4289 560 4344 Hier.
581 4307 621 4361 ep.
636 4291 693 4358 108,
707 4293 751 4346 12:
770 4295 800 4346 et
815 4291 906 4347 locum
919 4291 1055 4358 Adomim,
1074 4293 1147 4362 quod
1163 4293 1361 4364 interpretatur
1381 4294 1552 4364 sanguinum,

248 4386 312 4456 quia
324 4387 426 4443 multus
438 4388 468 4442 in
481 4407 513 4445 eo
526 4390 638 4462 sanguis
656 4391 758 4448 crebris
776 4392 915 4448 latronum
933 4394 1100 4449 fundebatur
1116 4394 1269 4450 incursibus
1308 4395 1344 4451 lb
1354 4395 1378 4452 i.
1396 4396 1453 4450 Lua
1467 4396 1507 4460 10,
1519 4395 1553 4450 30

331 4573 349 4628 4
369 4572 451 4644 circs]
468 4573 547 4630 iuxta
564 4575 617 4629 Bc
698 4578 717 4633 9
735 4577 864 4633 Adomim
880 4580 906 4630 A
924 4577 1101 4634 Addommim
1118 4578 1176 4634 BH
1251 4580 1291 4635 20
1310 4582 1380 4634 Aser
1397 4579 1458 4633 saul
1474 4577 1556 4633 Aca

247 4673 286 4729 29
303 4673 403 4729 uillula
419 4677 473 4731 AO
522 4677 561 4732 8⁰
578 4675 659 4748 circa]
677 4678 756 4734 iuxta
772 4679 799 4734 Β
