3752 5542
348 483 385 546 16
926 471 1068 527 Eusebius.

345 640 427 708 είοὶν
458 641 494 708 δὲ
524 642 576 709 έπλ
609 642 672 708 τοῦ
703 631 869 717 Αὐλῶνος
899 630 1015 718 πόλεις
1045 637 1201 724 ἐπίσημοι
1223 634 1407 724 (Τιβεριὰς)
1437 641 1493 705 καὶ
1524 631 1652 725 ῆπρός

346 733 432 826 αὐτῆ
463 745 575 826 λίμνη,
598 730 834 820 Σκυθόπολις,
861 729 986 856 (Ἱεριχώ
1016 739 1072 805 καὶ
1102 729 1122 822 ῆ
1155 734 1257 824 νεκρὰ
1286 732 1442 808 θάλασσα
1461 738 1500 806 αἳ
1516 763 1555 806 τε
1575 741 1651 824 περί

346 832 451 919 αότάς
478 842 602 925 χῶραι,
637 827 688 906 ών
717 840 816 924 μέσος
835 839 888 924 <ο>
913 830 1075 923 Ιορδόνης
1097 840 1250 920 φέρεται,
1281 836 1383 923 ἐξιών
1406 841 1468 925 μὲν
1489 832 1557 908 ἀπὸ
1580 841 1653 907 τών

345 935 433 1006 κατὰ
453 931 610 1006 Πανεάδα
631 939 763 1023 πηχῶν,
785 937 831 1018 είς
854 938 889 1004 δὲ
911 932 977 1023 τῆν
997 931 1122 1021 νεκρὰν
1142 929 1322 1006 θάλασσαν
1343 930 1597 1026 ἀφανιζόμενος.

312 1247 329 1301 5
429 1229 641 1323 Ἀμαληκῖτις
662 1239 712 1322 (λ).
746 1232 840 1322 χώρα
862 1238 900 1305 έν
930 1241 972 1322 τῆ
1009 1230 1123 1322 έρῆμῳ
1159 1239 1201 1320 τῇ
1236 1229 1323 1320 πρὸς
1355 1239 1561 1324 μεσημβρίαν
1592 1240 1653 1324 τῆς

346 1327 512 1418 Ἰουδαίας,
543 1329 763 1422 ὑπερκειμένη
793 1339 854 1423 τῆς
881 1339 943 1406 νῦν
967 1337 1175 1421 καλουμένης
1198 1337 1331 1420 Πέτρας
1359 1328 1503 1416 πόλεως,
1535 1329 1653 1405 ἀπιόν-

348 1461 422 1504 των
442 1438 489 1514 είς
509 1428 605 1503 ‘And
649 1437 902 1522 ἐπισημαίνεται
930 1436 965 1503 δέ
995 1427 1092 1520 καὶὴ
1124 1429 1236 1521 χραφῆ
1268 1437 1412 1522 λέγουσα
1437 1427 1598 1522 »Ἀμαλῆκ
1619 1439 1654 1504 δὲ

346 1549 502 1604 κατοικεῖ
529 1536 567 1602 έν
587 1539 631 1620 τῆ
652 1539 694 1620 γῆ
715 1530 802 1621 πρός
823 1530 961 1604 νότονι.
1003 1533 1040 1601 έκ
1063 1525 1230 1620 γειτόνων
1259 1535 1297 1600 δὲ
1318 1526 1435 1603 αάτών
1457 1529 1563 1613 ἀλλος
1584 1537 1654 1602 Χα-

298 1650 331 1703 71
348 1650 487 1714 ναναῖος
505 1640 510 1716 Ι
529 1628 687 1721 ὑπῆρχεν,
710 1626 730 1702 ό
751 1636 805 1701 καὶ
827 1627 1022 1720 πολεμήσας
1042 1647 1115 1712 τοῖς
1136 1630 1221 1712 υἱοῖς
1234 1625 1362 1720 Ἰσραῆλ
1376 1634 1430 1701 ἐπὶ
1446 1638 1508 1722 τῆς
1523 1629 1654 1720 έρῆμου.

298 1725 368 1803 103
391 1737 446 1803 καὶ
476 1727 559 1803 αὐτὸ
590 1748 753 1822 μαρτυρεῖ
782 1727 802 1820 ῆ
825 1729 936 1819 γραφὴ
964 1735 1106 1816 λέγουσα
1131 1723 1168 1801 »ό
1191 1734 1226 1800 δὲ
1246 1724 1392 1819 Ἀμαλῆκ
1413 1739 1468 1802 καὶ
1490 1733 1523 1802 οί
1545 1736 1655 1801 Χανα-

349 1849 439 1902 ναῖοι
460 1837 678 1904 κατοικοῦσιν
701 1835 739 1902 έν
760 1837 802 1918 τῆ
824 1826 984 1902 κοιλάδιι.

432 1925 551 2016 Ἀραβά
573 1935 671 2018 (Dent
695 1942 721 2015 1,
743 1934 773 2018 7)
796 1926 858 2016 <’A‘
882 1923 1003 2018 ὁμαλῆ,
1025 1927 1088 2017 Σ’>
1109 1926 1234 2011 πεδιάς.
1275 1947 1384 2000 κεῖται
1404 1934 1460 2000 καὶ
1483 1925 1656 2017 ἀνωτέρω.

350 2031 421 2100 ἔστι
443 2035 555 2100 δὲκαὶ
577 2028 674 2120 κώμη
695 2036 886 2119 καλουμένη
907 2024 1026 2114 Ἀραβὰ
1048 2031 1085 2099 έν
1107 2022 1214 2113 ὁρίοις
1228 2034 1487 2119 Διοκαισαρείας,
1508 2033 1564 2099 καὶ
1588 2025 1656 2101 ἀπὸ

351 2135 460 2215 τριῶν
480 2135 630 2218 σημείων
651 2127 908 2210 Σκυθοπόλεως
929 2126 1015 2215 ἄλλη
1037 2127 1125 2216 πρὸς
1146 2125 1279 2218 δασμός.

301 2349 333 2402 15
434 2325 557 2416 Ἀμμᾶν
583 2332 681 2415 (Deut
703 2338 734 2412 2,
760 2333 818 2416 19).
861 2322 882 2415 ῆ
916 2333 979 2398 νῦν
1012 2332 1235 2415 Φιλαδελφία,
1271 2323 1372 2410 πόλις
1408 2332 1567 2417 ἐπίσημος
1597 2331 1658 2416 τῆς

351 2423 510 2516 Ἀραβίας.
556 2425 773 2516 νκατώκουνι
799 2431 834 2498 δὲ
861 2422 969 2516 αότῆν
993 2422 1183 2516 »πρότερον
1209 2429 1241 2497 οἱ
1261 2422 1451 2515 Ῥαφαείνι,
1478 2429 1580 2509 ἔθνος
1601 2425 1658 2515 ἀρ-

351 2545 457 2617 χαῖον,
481 2519 566 2615 όπερ
589 2521 725 2598 ἀνεῖλον
744 2528 778 2596 ολ
799 2530 866 2598 υἱοὶ
887 2527 971 2597 Λώτ
994 2530 1027 2599 οί
1049 2522 1117 2598 ἀπὸ
1139 2519 1271 2615 Ἀμμάν.

434 2631 443 2712 ί
463 2621 583 2716 Ἀργόβ
601 2630 701 2713 (Dent
722 2637 749 2711 3,
771 2631 811 2714 4).
853 2624 948 2713 χώρα
972 2633 1159 2711 »βασιλείας
1178 2620 1257 2713 ’Ὠχι
1286 2621 1371 2715 ὑπὲρ
1394 2624 1457 2697 τόν
1477 2621 1657 2714 Ἰορδάνην,
1676 2651 1727 2707 216

352 2721 395 2814 ἣν
417 2727 539 2812 ἔλαβον
561 2728 593 2796 οἱ
615 2719 683 2798 ἀπὸ
707 2731 816 2816 φυλῆς
831 2729 1003 2814 Μανασσῆ.
1039 2744 1147 2795 κεῖται
1169 2730 1204 2796 δὲ
1226 2730 1273 2806 είς
1294 2726 1344 2795 ἔτι
1366 2731 1430 2796 νῦν
1450 2725 1548 2815 κώμη
1563 2729 1658 2814 πέριξ

301 2835 336 2892 20
355 2832 506 2911 Γέρασαν
527 2822 632 2897 πόλιν
653 2831 714 2915 τῆς
728 2820 878 2912 Ἀραβίας
901 2824 949 2906 ώς
970 2819 1039 2896 ἀπό
1062 2831 1209 2912 σημείων
1230 2824 1271 2894 ιε’
1295 2822 1382 2911 πρὸς
1397 2821 1530 2914 δασμός,
1551 2836 1659 2897 καλεῖ-

353 2953 409 2995 ται
431 2928 466 2993 δε
488 2929 550 2995 νῦν
573 2919 677 3013 Ἑρμό.
721 2922 892 3013 ἑρμηνεόει
915 2930 951 2995 δὲ
974 2921 1082 3013 αὐτὴν
1104 2918 1123 2995 ὁ
1144 2922 1326 3013 Σύμμαχος
1345 2931 1556 3013 περίμετρον.

434 3019 588 3110 Ἀσηδώθ
610 3029 707 3112 (Deut
728 3034 754 3107 3,
780 3030 838 3113 17).
882 3022 981 3106 πόλις
1012 3031 1086 3094 τών
1107 3019 1329 3113 Ἀμορραίων,
1360 3020 1381 3112 ῆ
1413 3029 1528 3112 γέγονε
1552 3027 1661 3112 φυλῆς

350 3117 485 3209 Ῥουβίν.
528 3129 660 3212 λέγεται
682 3129 717 3194 δὲ
737 3119 892 3213 Ἀσηδώθ
917 3123 1049 3214 Φασχώ,
1073 3115 1092 3194 ό
1114 3127 1185 3194 ἐστι
1207 3119 1359 3212 λαξευτῆ.

434 3317 583 3411 Ἀβαρείμ
600 3326 698 3406 (Deut
713 3330 761 3406 32,
776 3329 837 3408 49).
859 3317 940 3411 όρος
954 3326 991 3394 έν
1008 3315 1036 3412 ᾧ
1053 3329 1201 3412 Μωῦσῆς
1216 3327 1363 3414 τελευτᾷ.
1387 3327 1520 3410 λέγεται
1530 3328 1565 3393 δὲ
1575 3321 1660 3392 εἶναι
1707 3383 1712 3395 .

300 3442 334 3498 25
355 3415 454 3510 »ὄρος
476 3427 594 3507 Ναβαῦ
621 3414 640 3492 ό
663 3423 755 3492 ἐστιν
777 3425 814 3492 έν
835 3428 877 3510 χῆ
900 3421 1012 3506 Μωόιβ
1032 3418 1173 3509 ἀντικρὺ
1191 3418 1331 3510 Ἱεριχώι
1355 3417 1440 3509 ἀπὲρ
1462 3419 1526 3492 τόν
1541 3417 1659 3508 Ἰσρδά-

302 3534 334 3587 7v
351 3551 414 3612 νην
440 3526 512 3593 »ἐπὶ
540 3531 544 3605 Ι
571 3519 728 3609 κορυφὴν
753 3519 911 3608 Φασχώι,
938 3529 994 3590 καί
1024 3526 1193 3592 δείκνυται
1216 3516 1388 3592 ἀνιόντων
1410 3517 1479 3592 ἀπὸ
1501 3518 1660 3606 Λιβιάδος

437 3695 452 3748 l
474 3694 528 3764 vgl.
546 3711 572 3747 u.
585 3692 737 3748 Γαλιλαῖοι
756 3688 830 3762 ἀμφὶ
846 3693 897 3760 τὴν
918 3689 1066 3764 Τιβεριάδα
1083 3695 1131 3748 καί
1149 3695 1200 3762 τῆν
1218 3691 1291 3766 πρὸς
1309 3689 1380 3762 αὐτῆ
1390 3693 1491 3767 λίμνην
1551 3695 1565 3749 λ
1587 3693 1659 3748 Num

352 3796 445 3862 13,30
515 3795 553 3849 10
570 3793 642 3850 Num
662 3797 701 3859 14,
720 3794 753 3848 25
824 3792 861 3847 12
881 3793 906 3847 S.
925 3795 965 3852 12.
984 3794 1017 3848 25
1071 3793 1108 3849 16
1125 3793 1317 3860 Deut2,20f.
1372 3795 1410 3849 18
1428 3794 1501 3850 Dent
1518 3796 1542 3862 3,
1560 3796 1659 3850 4.13f.

352 3895 425 3952 251·
443 3896 515 3950 Dent
534 3896 575 3962 3¹2,
593 3895 640 3959 493
656 3895 730 3960 34,1

438 4047 454 4100 1
484 4041 612 4118 Τιβεριὰς
638 4045 777 4100 Rhenferd
885 4045 902 4100 2
927 4037 1038 4115 Ἱεριχὼ
1064 4045 1183 4100 Vallarsi
1211 4041 1333 4119 ἱεριχοῦς
1358 4047 1382 4100 V
1495 4047 1514 4104 Β
1542 4044 1567 4116 ὁ]
1595 4047 1660 4102 Bert

351 4149 370 4204 4
390 4143 609 4218 ἀφανιζόμενος]
627 4153 660 4210 ÷
678 4139 750 4202 ἔνθα
762 4144 887 4218 τιβεριὰς
908 4145 989 4210 πόλις
1006 4148 1055 4202 καί
1076 4146 1249 4214 σκυθδιιολις
1265 4149 1314 4203 καί
1326 4145 1435 4213 πανεάς
1459 4149 1508 4203 καί
1530 4145 1661 4218 ἰορδάνης

351 4249 400 4305 καί
417 4248 505 4318 νεκρὰ
522 4245 654 4304 θάλασσα
671 4249 720 4303 καί
738 4243 878 4318 ίεριχώίί
969 4247 1135 4304 8κατοικεῑ
1149 4249 1307 4319 Martianay
1324 4242 1489 4321 κατῴκειν
1555 4243 1660 4318 Ιάλλος

352 4349 475 4404 Vallarsi
493 4343 553 4406 ἀλλ’
571 4345 631 4403 ‹3V
685 4350 722 4405 12
742 4341 875 4403 Ἀ’-Σ’
893 4348 965 4404 nach
983 4347 1008 4402 H
1026 4349 1083 4420 vgl.
1101 4352 1171 4404 auch
1189 4349 1310 4404 vallarsi
1350 4349 1659 4418 lxsitaaauchWend-

351 4449 418 4506 land
435 4454 562 4507 καλεῖται
580 4450 605 4503 V
642 4451 680 4506 18
698 4450 926 4522 Διοκαισαρείας]
940 4449 1047 4505 danaoh
1059 4450 1171 4506 Liicke‘?
1189 4451 1245 4522 vgl.
1258 4453 1285 4507 H
1338 4452 1376 4507 18
1393 4452 1540 4524 βασιλείας
1552 4451 1658 4506 VLXX

352 4553 408 4608 Luc
419 4552 556 4627 βασιλέως
568 4552 739 4607 HLXXABF
795 4551 833 4607 25
852 4548 945 4622 ναβάν
962 4551 987 4604 V
1062 4545 1101 4620 Ιό
1117 4547 1192 4608 ἐστιν
1210 4550 1240 4610 ἐν
1258 4559 1295 4624 γῇ
1312 4557 1384 4609 nach
1403 4555 1482 4610 Dent.
1500 4555 1541 4622 32,
1553 4551 1587 4608 49
1605 4553 1661 4622 vgl.

353 4655 473 4708 X'allarsi
490 4655 538 4710 καί
557 4648 632 4710 ἔστιν
649 4653 666 4723 ῆ
684 4659 721 4724 μῆ
733 4653 757 4706 V
811 4655 849 4709 26
867 4649 1008 4708 ἀνιόντων
1025 4651 1189 4724 πολιβωὶδος
1207 4657 1231 4708 V
