3780 5536
785 484 978 552 Hieronymus.
1136 514 1139 520 ·
1499 493 1538 554 59

130 657 215 712 ΑΘΗ
228 651 382 716 latissimo
405 674 516 736 eampo
538 654 617 718 situs
638 675 701 718 non
724 653 859 736 amplius
882 653 1062 737 quindecim
1077 653 1205 718 milibus
1226 652 1406 738 ahegionis
1422 656 1538 737 oppido

229 755 399 835 separatur.
441 774 498 835 pro
520 774 583 836 qno
605 752 723 836 Aquila
743 753 967 836 interpretatus
990 757 1038 818 est
1058 758 1187 818 domum
1209 754 1414 831 aumantium,
1447 752 1538 835 Sym·

230 853 360 916 machus
382 854 512 916 domum
533 852 745 936 singulorum,
776 876 808 916 eo
838 858 918 934 quod
947 863 1097 934 anqustiis
1118 863 1144 917 ot
1164 857 1290 917 humitis
1310 857 1453 917 introitus
1474 858 1539 916 sio·

228 955 315 1031 pulos
337 962 462 1029 motum,
482 961 508 1016 et
528 975 581 1016 aaa
600 957 683 1034 ipsos
703 962 823 1030 stantes,
846 957 965 1033 iepradi
984 957 1151 1016 sustineret.

196 1063 213 1116 5
313 1052 449 1117 Baenith
471 1073 567 1134 quam
588 1056 829 1117 construxerunt
850 1050 1054 1131 Samaritani,
1076 1051 1132 1134 qui
1153 1054 1191 1115 ds
1214 1048 1389 1133 Babylonis
1410 1051 1539 1135 regione

230 1150 427 1214 transierant

311 1249 431 1333 Byblos
453 1249 565 1316 ciuitas
586 1249 745 1325 Foeniees,
776 1251 864 1315 euius
898 1250 1042 1315 meminit
1062 1249 1226 1326 Iezeohiel‚
1256 1270 1313 1333 pro
1336 1270 1400 1332 qua
1421 1248 1453 1313 in
1476 1248 1540 1314 He·

230 1347 336 1413 braiao
359 1350 538 1415 continetur
559 1349 669 1416 Gabel.

312 1447 473 1514 Bubastus
495 1449 607 1514 ciuitas
629 1451 769 1535 Aegypti
789 1450 877 1514 iuxta
897 1447 1062 1514 Iezeehiel.

180 1549 213 1604 10
313 1546 380 1612 Boz
401 1548 436 1612 in
455 1553 540 1614 terra
561 1548 670 1628 Cedat,
693 1550 775 1614 siout
795 1549 905 1614 scribit
925 1549 1084 1614 Ieremias.

312 1647 373 1711 Bel
393 1648 515 1714 idolum
535 1649 759 1732 Babylonium.

754 1963 802 2028 De
823 1962 1018 2047 Euangeliis.

314 2147 485 2212 Bethsaida
515 2147 656 2212 ciuitas
647 2171 681 2212 ιιι
704 2147 857 2227 Galilaea,
889 2147 1092 2212 Andreaet
1060 2152 1092 2212 et
1112 2147 1201 2214 Petri
1223 2153 1255 2213 et
1275 2147 1394 2292 Filippi
1416 2150 1542 2231 aposto·

230 2246 342 2327 lorum,
363 2268 461 2331 prope
482 2252 630 2332 stagnum
651 2247 851 2312 Genesareth

181 2355 214 2408 15
307 2345 319 2431 ΙΙ
334 2346 491 2431 Bethfage
511 2346 655 2411 uillula
645 2370 679 2412 m
699 2345 960 2429 monteOIiueti‚
989 2350 1146 2433 adquam
1167 2346 1255 2412 uenit
1277 2287 1423 2411 dominus
1444 2345 1540 2410 Iesus.
1560 2356 1610 2412 108

313 2545 470 2612 Bethania
489 2545 568 2611 uitia
582 2545 622 2609 in
643 2549 780 2612 seeundo
803 2549 842 2610 ab
860 2546 951 2612 Aelio
966 2546 1103 2611 miliario
1124 2547 1158 2611 in
1173 2545 1270 2611 latere
1285 2546 1401 2612 montis
1417 2543 1543 2622 onusti,

230 2646 287 2710 ubi
308 2645 448 2721 saluatur
467 2644 619 2711 Lazarum
642 2645 814 2724 suseitouit,
837 2647 928 2712 euius
950 2651 981 2712 et
1000 2649 1240 2712 monumentum
1262 2650 1379 2710 eoohsio
1392 2669 1475 2710 noae
1487 2649 1544 2708 ibi·

231 2751 298 2810 dom
318 2757 448 2811 assueto
469 2748 672 2810 demonstrat

336 2845 516 2910 Bethabara
535 2850 622 2909 trans
636 2843 809 2924 Iordanem,
831 2845 887 2910 uhi
901 2843 1030 2910 Ioannis
1051 2844 1085 2909 in
1105 2844 1330 2928 paenitentiam
1353 2845 1544 2928 baptizabat

183 2951 217 3007 20
233 2947 317 3009 unde
340 2949 371 3010 et
391 2967 491 3028 usque
512 2945 606 3011 hodie
627 2944 755 3028 plurimi
777 2947 817 3008 de
838 2944 996 3024 fratribus,
1018 2948 1071 3008 hoo
1092 2955 1135 3008 ost
1154 2950 1189 3010 ds
1208 2967 1333 3008 somaro
1352 2949 1542 3021 medentium,

232 3044 277 3110 ibi
298 3044 421 3110 renasci
441 3044 602 3129 cupientes
623 3043 714 3109 uitali
736 3045 862 3128 gurgite
883 3042 1092 3127 baptizantur.

314 3143 486 3209 Bethsaida
506 3143 629 3228 piscina
648 3141 682 3208 in
696 3142 866 3209 Ierusalem
881 3165 962 3227 quae
976 3142 1153 3208 noeobatur
1166 3133 1364 3226 προβατική,
1384 3153 1411 3206 et
1424 3166 1443 3206 o
1456 3147 1543 3206 ιιοιιε

232 3249 419 3325 interpretari
432 3254 532 3325 potest
546 3243 686 3326 pausias.
714 3244 792 3308 haee
807 3243 947 3328 quinque
963 3245 1123 3326 quondam
1137 3241 1278 3325 porticus
1297 3243 1417 3323 hahuit,
1440 3247 1544 3307 osten·

233 3346 414 3426 danturque
441 3343 558 3427 gemini
579 3342 674 3420 lasus,
697 3365 832 3427 quomm
857 3363 939 3406 unus
965 3341 1104 3406 hibamis
1125 3341 1244 3425 pluuiis
1265 3341 1431 3426 adimpleri
1453 3341 1543 3419 solet,

185 3449 219 3504 25
237 3442 317 3508 alter
336 3443 451 3506 mirum
471 3443 505 3506 in
526 3444 656 3506 modum
676 3443 792 3509 rubens
814 3441 906 3526 quasi
927 3441 1064 3506 eruentis
1087 3441 1178 3526 aquis
1199 3440 1323 3530 antiqui
1343 3441 1376 3506 in
1392 3463 1425 3506 se
1440 3441 1543 3524 operis

237 3542 328 3626 signa
348 3545 490 3606 testatur.
533 3563 606 3605 nam
631 3541 751 3607 hostias
776 3542 809 3606 in
836 3563 873 3607 eo
899 3541 1000 3606 lauari
1021 3563 1039 3604 a
1061 3541 1277 3607 sacerdotibus
1298 3541 1408 3633 solitas
1428 3541 1545 3620 ferunt,

236 3644 320 3706 unde
342 3645 373 3705 et
393 3662 508 3706 nomen
529 3641 693 3724 acceperit.

326 4249 396 4306 let.
413 4248 469 4318 vgl.
486 4248 560 4302 Hier.
579 4265 676 4304 nomm.
693 4247 723 4301 in
740 4248 779 4303 Ba
796 4249 838 4312 20,
856 4249 923 4304 soff.

327 4452 365 4508 18
382 4450 550 4506 Bethsaidam
567 4451 624 4505 ΑΗ
671 4449 720 4518 lin
737 4450 836 4509 <to
883 4449 1055 4518 let¹<AO
1093 4451 1130 4508 14
1150 4452 1309 4507 GenesarA
1328 4450 1555 4507 GenessarethH

243 4553 513 4609 lassiaisseras
579 4553 618 4609 22
637 4551 775 4608 Bethesda
791 4552 924 4620 Bonsrira
976 4554 1015 4610 28
1032 4552 1152 4624 porticos
1165 4553 1219 4608 to
1269 4555 1306 4610 25
1325 4555 1454 4608 eruentus
1472 4551 1550 4619 aquis

242 4655 364 4723 antiquis
382 4655 470 4726 operis
487 4653 567 4724 signa
586 4655 703 4707 testatur
721 4653 753 4707 H
818 4657 856 4711 26
873 4655 1016 4725 proferunt
1039 4654 1062 4710 0
