3780 5536
864 953 1080 1035 Στοιχεῑσν
1104 954 1137 1016 Z.

822 1075 904 1150 Ἀπὸ
926 1085 988 1168 τῆς
1011 1085 1187 1162 Γενίσεως.

432 1269 594 1349 Ζαφωείμ
625 1267 705 1350 (Gen
726 1274 774 1347 36,
797 1269 857 1352 43).
900 1263 995 1352 χώρα
1027 1259 1205 1353 ἡγεμόνων
1226 1258 1334 1351 Ἔδώμ
1364 1267 1401 1333 ἐν
1431 1270 1474 1352 τῆ
1505 1269 1567 1334 νῦν
1599 1271 1656 1333 Γε-

346 1368 482 1450 Baim-
654 1373 656 1376 ’

312 1569 329 1621 5
733 1541 904 1634 Ἀριδμῶν
924 1552 980 1616 καλ
1003 1552 1274 1634 Δευτερονομίου.

430 1725 522 1813 Ζσόβ
542 1731 642 1812 (Num
664 1734 791 1817 21,14).
837 1728 910 1802 »διὰ
932 1735 1039 1801 τοῦτο
1061 1736 1195 1818 λέγεται
1216 1733 1253 1800 ἐν
1274 1738 1392 1819 βίβλῳ·
1423 1725 1571 1820 πόλεμος
1594 1737 1656 1804 τοῦ

345 1833 463 1910 κυρίου
484 1825 549 1915 τὴν
572 1829 663 1912 Ζοδβ
681 1824 861 1918 ἐφλύγισεν
891 1836 947 1900 καὶ
970 1828 1051 1912 τοὺς
1071 1827 1271 1919 χειμάρρους
1291 1824 1448 1916 Ἀρναίνι.
1490 1826 1591 1912 πόλις
1619 1835 1656 1900 ἐν

345 1931 397 2013 τῷ
418 1921 615 2014 Ἀμορραίου,
638 1931 675 1998 ἐν
698 1936 749 2018 τῷ
770 1924 901 2015 Ἀρνών
922 1934 1066 2018 κειμένη.

431 2022 589 2112 Ζεφρονά
611 2029 711 2112 (Num
733 2039 781 2110 34,
804 2037 844 2114 9).
888 2021 985 2114 δριον
1009 2032 1069 2116 τῆς
1090 2023 1249 2110 Ἰουδαίας
1269 2024 1410 2115 βόρειον.

297 2141 329 2194 10
431 2130 540 2210 Ζαρέδ
560 2129 657 2211 (Deut
675 2137 703 2212 2,
727 2135 784 2213 13).
829 2125 964 2217 φάραγξ
986 2132 1095 2213 Ζαρὲδ
1115 2130 1153 2196 ἐν
1173 2131 1263 2214 μέρει
1285 2133 1346 2215 τῆς
1367 2124 1500 2216 ἐρήμου.

850 2372 931 2447 Ἀπὸ
955 2382 1018 2446 τοῦ
1038 2372 1152 2464 Ἰησοῦ.

429 2532 513 2612 Ζείφ
534 2530 605 2609 (Jos
629 2537 674 2608 15,
697 2530 759 2613 24).
802 2532 910 2615 φυλῆς
931 2521 1042 2596 Ἰούδα.

273 2654 327 2708 gor
421 2629 432 2714 Ι)
449 2621 607 2698 Ζανάουα
629 2627 697 2710 (Jos
721 2637 768 2708 15,
790 2630 850 2713 56).
888 2630 998 2712 φυλῆς
1019 2621 1132 2696 Ἰούδα.
1171 2633 1226 2695 καὶ
1256 2630 1318 2695 νῦν
1347 2630 1385 2696 ἐν
1413 2618 1521 2713 ὁρίοις
1538 2632 1543 2712 )
1562 2628 1654 2695 ἐστὶν
1671 2648 1722 2702 253

344 2721 658 2811 Ἑλευδεροπόλεως
681 2720 873 2796 (ἀπιόντων
896 2731 942 2808 είς
966 2730 1089 2795 Αἰλίαν
1110 2724 1208 2814 κώμη
1231 2724 1365 2794 Ζανουά
1384 2729 1582 2813 καλουμένη.

295 2848 327 2901 15
431 2824 498 2910 Ζίφ
520 2828 591 2910 (Jos
607 2837 654 2904 15,
677 2833 737 2906 55).
780 2829 890 2913 φυλῆς
909 2821 1022 2896 Ἰούδα.
1058 2823 1156 2914 κώμη
1179 2829 1242 2896 νῦν
1263 2827 1355 2894 ἐστιν
1375 2826 1411 2893 ἐν
1433 2830 1484 2914 τῷ
1509 2830 1654 2916 Δαρωμῆ

347 2927 383 2995 ἐν
398 2917 504 3013 ὁρίοις
517 2919 844 3012 Ἰδλευθεροπδλεως1
872 2930 1018 3014 πλησίον
1030 2924 1175 3012 Χεβρών
1189 2919 1257 2995 ἀπὸ
1268 2928 1416 3013 σημείων
1429 2923 1459 3012 η’
1475 2921 1562 3012 πρὸς
1577 2919 1655 2995 ἅνα-

346 3020 459 3107 τολᾶς,
482 3026 567 3093 ἔνθα
588 3022 776 3112 ἐκρύπτετο
799 3030 909 3096 Δαυίδ.

901 3312 1099 3377 Βασιλειῶν.

430 3494 508 3574 Ζείβ
528 3493 555 3577 (1
578 3495 652 3560 Sam
674 3501 723 3574 23,
748 3502 806 3564 14).
851 3483 949 3577 »ὄρος
971 3486 1160 3578 αύχμῶδεςι
1185 3495 1246 3578 τῆς
1262 3497 1347 3576 Ζείβ,
1369 3493 1407 3561 ἐν
1430 3481 1458 3579 ᾧ
1481 3493 1652 3578 ίκαδέσδη

293 3608 327 3663 20
345 3595 456 3673 Δαυίδ,
479 3579 509 3678 ᾦ
530 3587 732 3678 παράκειται
748 3585 918 3678 Χερμαλά,
941 3584 1016 3678 ἥτις
1038 3586 1251 3678 ἑρμηνεύεται
1274 3583 1293 3660 δ
1317 3585 1504 3677 Κάρμηλος.
1541 3586 1654 3672 οὕτως

343 3693 534 3777 καλουμένη
565 3695 612 3772 είς
641 3691 691 3759 ἔτι
722 3694 783 3760 νῦν
813 3688 910 3776 κώμη
932 3683 1117 3770 Ἰουδαίων,
1151 3690 1237 3758 ἔνθα
1260 3684 1378 3774 Νάβαλ
1409 3681 1654 3778 δΚαρμῆλιος.

346 3795 423 3874 Ζελβ
451 3793 486 3858 δὲ
516 3792 668 3860 ἐκαλεῖτο
698 3795 754 3859 καὶ
776 3787 823 3870 εἷς
846 3794 920 3858 τῶν
941 3789 1027 3858 υἱῶν
1051 3794 1173 3871 Χαλέβ,
1205 3783 1253 3868 ως
1275 3791 1312 3858 ἐν
1333 3793 1652 3876 Παραλειπομέναις.

430 4040 468 4094 10
486 4039 559 4096 cm
582 4039 653 4094 Mod.
670 4041 717 4096 83:
744 4039 896 4106 <mm
1001 4040 1040 4096 18
1058 4040 1070 4093 1
1088 4039 1151 4093 Sam
1179 4039 1272 4102 23,14
1374 4039 1533 4095 msam.
1552 4042 1594 4106 25,
1612 4041 1652 4095 21.

344 4141 415 4196 221.
433 4141 445 4194 I
463 4139 554 4196 Chron
566 4142 592 4205 2,
608 4141 643 4195 42

407 4365 410 4372 ’
429 4375 443 4429 7
456 4374 480 4432 1.
499 4373 626 4438 πόλις-
637 4371 761 4444 κειμένη]
772 4373 824 4428 mit
833 4373 954 4428 Vallarsi
972 4374 1045 4428 uach
1058 4373 1143 4428 Hvor
1151 4373 1197 4430 διὰ
1207 4404 1239 4414 -
1249 4366 1351 4446 Ἄρνών
1364 4391 1397 4428 ια
1410 4374 1527 4431 stellon?
1565 4376 1579 4431 1
1601 4375 1652 4431 πδ·

342 4474 393 4545 λις)
412 4482 445 4540 -1-
462 4471 558 4548 ἇρνῶν
577 4474 602 4528 V
682 4478 701 4532 11
719 4469 857 4540 Ἰουδαίας
874 4475 1031 4546 Martianay
1053 4470 1212 4544 Ἰδουμαίας
1230 4475 1253 4528 V
1325 4476 1394 4532 111.
1413 4477 1440 4532 Ζ.
1460 4478 1491 4532 12
1509 4494 1559 4532 vor
1576 4481 1607 4533 11
1627 4477 1652 4531 V

345 4578 382 4633 12
402 4577 473 4646 Ζείφ
489 4576 674 4632 nmhnnex.
694 4575 787 4648 Ζὲφῖί
824 4577 862 4632 15
881 4574 1015 4633 Ζανάοια
1033 4577 1105 4632 nach
1114 4577 1215 4632 Hm
1234 4575 1420 4634 zavdovaav
1457 4579 1535 4635 1411.
1554 4576 1653 4635 ἀπιόν-

342 4696 399 4732 των
412 4708 444 4718 -
457 4673 722 4750 Ἐλευδερσπδλεως
740 4680 812 4734 nach
830 4679 855 4734 H
925 4680 962 4735 21
983 4679 1000 4733 l.
1020 4674 1104 4735 ἔνθεν
1123 4677 1195 4734 nach
1213 4677 1265 4732 H‘?
