3780 5536
798 506 989 572 Hieronymus.
1507 502 1547 565 87

172 696 226 752 AO
323 681 453 747 Eiron
444 686 513 745 1nt
499 680 584 745 tribu
599 678 703 744 Iudae.
739 680 823 741 este
807 672 935 739 etuilla
955 668 1141 755 pergrandis
1154 666 1269 732 Eiraea
1291 666 1417 732 nomine
1439 668 1548 730 eontra

241 781 515 865 septentrionem
505 804 540 845 m
561 780 712 844 uioesimo
735 778 775 840 ab
797 773 890 839 Aelia
912 771 1056 837 miliario.

322 880 406 946 Edre
427 882 462 945 in
482 882 568 946 tribu
589 879 693 944 Iudae.
801 939 802 942 ,

319 979 448 1045 Ethnen
468 981 502 1045 in
523 981 608 1044 tribu
629 978 733 1044 Iudae.

205 1098 221 1151 5
320 1079 329 1163 ll
350 1079 537 1146 Ebeziuthia
557 1082 591 1144 in
612 1079 697 1144 tribu
719 1076 823 1142 Iudae.

321 1180 418 1245 Euim
439 1181 473 1244 in
493 1181 578 1245 tribu
599 1181 705 1244 Iudae.

321 1278 487 1346 Eltholath
509 1281 543 1344 in
564 1279 649 1344 tribu
669 1280 775 1343 Iudae.

321 1379 404 1444 Ereb
437 1379 470 1443 in
499 1379 584 1444 tribu
607 1378 711 1444 Iudae.
754 1381 802 1444 est
831 1377 988 1458 hodieque
1018 1373 1096 1440 uilla
1123 1375 1157 1439 in
1185 1373 1339 1452 Daroma,
1369 1372 1402 1438 id
1433 1377 1480 1438 est
1509 1376 1549 1436 ed

240 1486 391 1558 austrum,
413 1501 494 1563 quae
511 1478 711 1544 Eremiththa
731 1480 939 1558 nuncupatur.

189 1591 222 1645 10
322 1579 407 1644 Esau
428 1581 460 1642 in
484 1579 569 1643 tribu
590 1577 695 1643 Iudae.

319 1678 396 1743 lllul
416 1678 449 1742 in
471 1678 557 1742 tribu
578 1677 682 1743 Iudae.
724 1683 772 1742 est
793 1684 824 1744 st
845 1679 938 1743 hodie
959 1676 993 1741 in
1018 1677 1147 1761 regione
1168 1680 1207 1741 ad
1228 1675 1353 1740 Aeliam
1373 1674 1547 1757 pertinente

239 1777 318 1843 uilla
339 1779 466 1842 nomine
487 1777 585 1841 Alula
605 1777 694 1842 iuxta
716 1777 870 1844 Ohebron.

321 1877 453 1943 Eltheoe
481 1877 516 1940 in
544 1876 629 1941 tribu
652 1876 758 1942 Iudae.
803 1884 850 1942 est
879 1879 1036 1962 hodieque
1058 1877 1185 1943 Theaua
1212 1878 1300 1942 uious
1330 1875 1363 1939 in
1394 1895 1477 1938 nono
1505 1872 1544 1936 ab

240 1977 332 2043 Aelia
361 1977 496 2043 miliario
528 1981 636 2042 eontra
656 1977 862 2042 meridianam
891 1978 1027 2062 plagam,
1059 1981 1096 2042 de
1128 2000 1191 2061 quo
1213 1977 1274 2041 fuit
1294 1977 1395 2040 Amos
1416 1973 1548 2056 profeta,

192 2089 223 2142 15
240 2079 329 2143 ouius
351 2083 383 2142 et
404 2076 584 2159 sepulerum
606 2077 724 2141 ibidem
746 2079 929 2142 ostenditur.

323 2176 469 2261 Engaddi
500 2177 534 2240 in
562 2177 647 2242 tribu
668 2177 773 2256 Iudae,
803 2177 859 2240 ubi
889 2179 1089 2243 absoonditus
1121 2183 1168 2243 est
1188 2179 1293 2243 Dauid
1315 2177 1347 2240 in
1370 2175 1549 2248 solitudine,

241 2299 320 2362 quse
350 2281 398 2342 est
427 2277 459 2340 in
485 2276 610 2342 Aulone
631 2275 786 2355 Ieriohus,
817 2282 870 2342 hoo
899 2285 997 2342 estin
1025 2284 1144 2358 rapinae
1164 2282 1218 2345 illo
1237 2280 1399 2358 campestri,
1426 2280 1460 2340 de
1490 2298 1549 2356 qua

239 2381 495 2460 supradiximus
537 2380 670 2440 uooatur
690 2380 795 2441 autem
816 2400 916 2472 usque
938 2379 1032 2444 hodie
1053 2379 1142 2443 uieus
1163 2376 1348 2460 pergrandis
1362 2374 1549 2440 ludaeorum

241 2475 419 2562 Engaddi
411 2475 499 2540 1uxt'a
520 2497 604 2540 mare
624 2480 799 2555 mortuum,
815 2480 951 2542 undet
920 2500 936 2542 e
937 2479 1205 2576 topobalramum
1225 2475 1322 2554 uenit,
1344 2496 1422 2557 quas
1440 2473 1549 2538 uineas

191 2585 225 2638 20
242 2577 389 2662 Engaddi
411 2574 560 2640 Salomon
582 2582 752 2660 nuncupat
871 2645 874 2654 ,

324 2676 475 2740 Esthemo
507 2676 618 2741 ciuitas
649 2680 792 2742 sacerdot
793 2677 890 2743 alis,
909 2703 993 2744 nuno
1022 2681 1127 2758 autem
1158 2623 1297 2742 ostendit
1283 2680 1335 2741 tur
1364 2674 1549 2758 pergrandis

242 2777 330 2842 uicus
360 2774 586 2840 ludaeorum
578 2798 610 2838 m
641 2776 790 2857 Daroma,
826 2778 881 2861 qui
915 2779 1003 2844 loeus
1033 2782 1072 2842 ad
1101 2776 1198 2842 Eleut
1184 2774 1393 2859 theropoleos
1413 2778 1484 2857 per
1483 2778 1550 2837 me

242 2877 412 2961 regionem.

325 2973 542 3053 Emeorafaim,
564 2976 598 3039 id
621 2980 668 3041 est
688 2977 781 3043 uallis
803 2977 1097 3056 Rafaim‚1ntribu
1119 2976 1292 3042 Beniamin.
1336 3033 1339 3042 .
1362 3022 1364 3030 ·

192 3191 225 3244 25
326 3174 462 3239 Edomia
491 3174 525 3237 in
554 3175 639 3240 tribu
661 3175 834 3243 Beniamin.
876 3199 960 3243 nuno
989 3182 1093 3242 autem
1124 3175 1300 3241 ostenditur
1328 3172 1407 3238 uilla
1427 3170 1552 3236 Eduma

243 3276 276 3340 in
316 3273 519 3338 Aerabittene
556 3277 721 3340 duodecim
756 3277 854 3342 ferme
882 3277 1021 3347 ‘milibus
1060 3277 1179 3340 distans
1219 3297 1238 3337 a
1271 3271 1409 3355 Neapoli
1443 3273 1553 3334 eontra

244 3375 404 3439 orientem.

329 3799 402 3854 ran.
420 3799 475 3868 vgl.
493 3797 566 3864 Hier.
586 3793 684 3853 oomni.
703 3797 732 3851 in
750 3797 796 3852 Jer
813 3799 837 3862 6,
857 3801 884 3851 1:
911 3796 1050 3851 Thoonem
1069 3811 1178 3864 quoque
1195 3793 1317 3848 uiculum
1336 3809 1393 3847 esse
1410 3793 1440 3846 in
1457 3795 1552 3847 monte

242 3899 325 3954 situm
344 3902 373 3954 et
390 3899 534 3956 duodecim
559 3900 672 3955 milibus
698 3901 733 3954 ab
752 3898 949 3968 Hierosolymis
975 3900 1131 3969 separatum
1158 3894 1385 3964 quotidie'ooulis
1404 3893 1551 3957 cernimus3

242 4001 299 4070 vgl.
318 4019 344 4055 u.
365 4000 444 4056 θεκώ
545 4001 623 4057 lan.
642 4000 698 4069 vgl.
716 4000 789 4055 Hier.
808 4000 838 4054 in
856 3999 895 4053 Ea
912 4002 954 4064 47,
973 3999 1034 4056 od:
1062 3998 1202 4068 Engallim
1223 3997 1296 4052 enim
1313 3996 1343 4050 in
1360 3994 1493 4066 principio
1511 3996 1553 4049 est

244 4102 328 4157 muris
346 4103 455 4169 mortui,
473 4103 521 4157 ubi
539 4103 667 4158 Iordanis
686 4102 847 4173 ingreditur,
866 4100 995 4172 Engaddi
1013 4119 1078 4157 uero
1096 4099 1143 4156 ubi
1161 4101 1256 4170 finitur
1273 4101 1357 4165 atque
1371 4097 1553 4160 eonsumitur3

244 4203 299 4270 vgl.
318 4203 391 4257 Hiar.
410 4207 514 4271 quaest.
532 4204 561 4258 in
580 4205 640 4259 Gen
659 4205 684 4259 S.
702 4206 743 4269 23,
761 4204 821 4260 effi:
849 4205 1067 4257 Asasonthamar
1088 4203 1140 4257 hoo
1158 4200 1287 4272 oppidum
1306 4203 1359 4265 eat,
1386 4197 1461 4266 quod
1479 4214 1553 4250 nuno

242 4307 359 4358 uocatur
375 4305 511 4376 Engaddi,
529 4305 646 4360 balsami
664 4309 692 4360 et
709 4306 865 4377 palmarum
882 4305 974 4358 fertile
1028 4304 1099 4359 171.
1118 4304 1143 4355 S.
1163 4303 1202 4369 15,
1221 4301 1287 4355 2‘2ff.
1337 4300 1375 4356 lt)
1393 4299 1464 4353 Cant
1478 4303 1500 4364 1,
1519 4301 1552 4366 14

244 4407 282 4462 ‘25
301 4406 355 4477 vgl.
373 4407 447 4462 Hier.
466 4423 563 4462 comm.
581 4409 611 4461 in
629 4407 718 4463 Abdl

327 4589 458 4645 luthna
476 4594 501 4645 Α
519 4575 685 4646 rinnand
770 4593 783 4646 7
805 4589 919 4646 Elolath
937 4589 989 4644 AB
1006 4596 1039 4648 <
1061 4587 1084 4644 0
1165 4585 1386 4643 9Heremititha
1403 4588 1427 4638 A
1446 4582 1551 4639 Eremi-

242 4692 323 4746 tatha
343 4693 366 4746 0
434 4694 472 4748 lt)
490 4693 636 4762 Engaddia
653 4694 678 4746 A
696 4693 836 4764 Engadila
857 4691 881 4746 0
946 4691 984 4747 25
1003 4689 1138 4745 Edomaia
1155 4691 1180 4743 A
1230 4690 1234 4756 Ι
1249 4687 1372 4742 Edumea
1390 4689 1414 4740 A
