3750 5540
763 485 954 553 Hieronymus.
1458 489 1516 551 137

115 664 196 720 ΑΘΗ
290 651 414 716 Nineue
436 653 512 716 urbs
526 651 737 734 Assyriorum,
760 674 854 735 quam
877 651 1057 716 aedificauit
1071 653 1172 716 Assur
1193 651 1356 733 egrediens
1378 653 1416 715 de
1436 656 1518 715 terra

209 751 356 816 Sennaar.
401 759 448 816 est
470 755 501 816 et
523 751 586 815 alia
613 773 711 835 usque
732 751 826 816 hodie
848 753 960 816 ciuitas
982 751 1169 815 Iudaeorum
1191 751 1316 816 nomine
1339 749 1463 816 Nineue
1486 752 1518 814 in

210 850 328 936 angulo
351 851 494 928 Arabiae,
518 873 612 934 quam
634 873 718 916 nunc
738 857 884 933 corrupte
906 849 1059 915 Neneuen
1081 854 1204 914 uocant.

289 949 415 1014 Naaliel
437 950 528 1030 iuxta·
546 951 707 1014 Arnonem
730 956 832 1014 castra
854 951 991 1014 filiorum
1013 948 1119 1014 Israel.

172 1165 188 1216 5
291 1148 413 1226 Nabau‚
435 1152 521 1234 quod
544 1150 700 1214 Hebraico
722 1150 837 1213 dicitur
859 1148 963 1228 Nouo,
994 1172 1085 1214 mons
1108 1172 1201 1232 super
1222 1150 1386 1214 Iordanem
1410 1155 1518 1214 contra

205 1247 329 1313 Iericho
351 1249 384 1312 in
406 1253 488 1315 terra
511 1251 613 1329 Moab,
636 1249 690 1313 ubi
712 1248 839 1331 Moyses
861 1259 1004 1313 mortuus
1028 1253 1082 1313 est.
1126 1256 1156 1313 et
1177 1272 1277 1333 usque
1300 1250 1393 1314 hodie
1416 1255 1518 1315 osten-

207 1349 294 1411 ditur
315 1351 348 1411 in
370 1353 459 1413 sexto
481 1349 617 1413 miliario
640 1348 726 1412 urbis
748 1348 852 1412 Esbus
875 1354 984 1414 contra
1007 1348 1191 1413 orientalem
1212 1349 1348 1432 plagam.

288 1447 291 1523 ἶ
319 1446 412 1512 Naho
444 1450 556 1513 ciuitas
589 1448 728 1513 filiorum
750 1448 863 1512 Ruben
894 1449 926 1512 in
949 1447 1076 1532 regione
1101 1447 1230 1525 Galaad‚
1264 1449 1351 1512 cuius
1374 1449 1517 1512 meminit
1536 1458 1587 1512 142

205 1547 318 1613 Esaias
343 1549 376 1612 in
407 1548 530 1613 uisione
552 1553 661 1613 contra
682 1548 776 1612 Moab
800 1553 831 1611 et
852 1548 1007 1612 Ieremias.
1052 1554 1098 1611 est
1120 1570 1195 1612 uero
1218 1554 1250 1613 et
1272 1549 1435 1613 cuiusdam
1456 1548 1517 1612 uiri

156 1657 190 1712 10
206 1648 398 1712 uocabulum
421 1646 544 1722 Nahau,
568 1649 623 1731 qui
645 1646 765 1712 Canath
790 1653 820 1711 et
843 1652 962 1712 ceteros
984 1647 1072 1712 uicos
1095 1648 1150 1730 qui
1172 1649 1255 1712 circa
1277 1670 1346 1712 eam
1368 1653 1457 1712 erant
1480 1671 1517 1712 ex

206 1769 264 1812 suo
287 1747 413 1812 nomine
435 1747 630 1829 nuncupauit
642 1746 780 1811 Naboth.
816 1751 870 1813 sed
893 1753 923 1810 et
944 1769 1044 1830 usque
1066 1748 1158 1811 hodie
1181 1750 1321 1812 desertus
1343 1748 1519 1812 ostenditur

205 1848 296 1912 locus
317 1846 411 1912 Naba
441 1847 600 1910 distensa
631 1847 760 1910 ciuitate
782 1847 885 1911 Eshus
916 1846 1044 1910 milibus
1076 1851 1146 1911 octo
1179 1851 1287 1910 contra
1313 1846 1518 1911 meridianam

206 1947 343 2031 plagam.

292 2045 414 2130 Nageb.
459 2051 564 2110 auster
594 2049 677 2128 apud
708 2046 869 2110 Hebraeos
900 2044 1013 2126 Nageh
1045 2046 1172 2120 dicitur,
1205 2049 1288 2129 quod
1312 2045 1519 2129 Symmachus

156 2164 190 2216 15
208 2147 431 2229 interpretatus
455 2149 501 2210 est
522 2146 692 2210 meridiem.
736 2144 892 2209 sciendam
914 2156 1012 2208 autem
1034 2151 1114 2226 quod
1133 2150 1231 2208 cadom
1247 2151 1337 2226 playa
1360 2151 1440 2226 opud
1462 2151 1518 2208 He-

209 2251 310 2310 braeos
332 2251 427 2310 tr‘ibue
447 2250 601 2309 uocabulis
622 2251 785 2326 appellator
806 2249 904 2324 hhyeb
929 2250 1059 2308 Theman
1081 2251 1205 2322 Dorum,
1236 2251 1314 2326 quod
1336 2269 1390 2308 uos
1408 2270 1518 2325 possu-

208 2369 279 2408 mus
301 2356 441 2409 austrum
463 2351 594 2426 africam
615 2356 641 2408 et
662 2349 814 2408 meridiem
836 2350 901 2407 siue
923 2367 1031 2407 aarum
1053 2349 1247 2424 irzlapretoru.

735 2525 782 2590 De
804 2525 885 2591 libro
910 2525 988 2590 lesu.

293 2678 463 2751 Nefeddor,
496 2680 580 2761 quod
603 2675 810 2759 Symmachus
839 2677 1063 2759 interpretatur
1084 2680 1282 2744 maritimam.
1326 2679 1393 2743 Dor
1414 2683 1519 2742 autem

156 2792 189 2846 20
209 2785 257 2842 est
278 2779 429 2860 oppidum
451 2777 515 2840 iam
537 2779 695 2840 desertum
716 2775 749 2838 in
771 2797 854 2839 nono
878 2776 1013 2841 miliario
1037 2775 1205 2843 Caesareae
1227 2778 1430 2862 pergentibus
1446 2778 1519 2844 Pto·

207 2877 387 2942 lomaidem.

294 2975 414 3040 Naftho
438 2997 552 3040 nomen
574 2976 671 3040 fontis
693 2975 726 3038 in
748 2975 832 3040 tribu
855 2976 1029 3040 Beniamin.

293 3175 395 3240 Naam
419 3176 530 3240 ciuitas
552 3175 653 3239 tribus
675 3174 778 3238 Iudae.

293 3275 325 3338 N
327 3275 411 3340 eesib
427 3276 460 3340 in
474 3276 558 3340 trihu
573 3274 679 3350 Iudae,
702 3296 782 3358 quae
797 3297 881 3339 nunc
899 3278 1031 3338 uocatur
1045 3274 1077 3337 N
1079 3274 1166 3352 asihi,
1188 3275 1220 3338 in
1235 3275 1369 3358 septimo
1384 3276 1519 3342 miliario

159 3391 192 3445 25
211 3374 493 3459 Eleutheropoleos
515 3374 719 3459 pergentibus
741 3373 893 3438 Ohebrcn.

293 3473 434 3558 Nepsam
456 3475 488 3538 in
510 3475 594 3539 tribu
616 3473 721 3538 Iudae.

291 3573 453 3638 Naaratha
474 3574 507 3637 iu
527 3573 614 3637 tribu
634 3571 766 3637 Efraim.
810 3577 841 3636 et
862 3596 944 3638 nunc
967 3580 1014 3638 est
1035 3573 1177 3639 Noorath
1201 3574 1312 3638 uillula
1333 3573 1520 3640 Iudaeorum

210 3673 243 3736 in
266 3674 376 3756 quinto
399 3672 534 3738 miliario
557 3673 705 3737 Ieriohua

299 3874 380 3929 rou.
400 3875 455 3944 vgl.
474 3875 541 3928 Hiar
559 3891 655 3929 comm.
675 3873 704 3927 in
722 3872 767 3928 Jes
786 3877 830 3941 15,
850 3875 878 3928 2:
906 3892 985 3944 super
1002 3875 1081 3932 Nabo
1108 3879 1136 3929 et
1162 3891 1243 3944 super
1260 3872 1387 3941 Medaba,
1413 3873 1522 3928 nobiles

213 3975 339 4031 ciuitates
358 4019 363 4029 .
383 4019 390 4031 .
409 4019 414 4029 .
435 4017 440 4031 .
459 3976 488 4030 in
506 3975 584 4031 Nabo
603 3977 676 4029 enim
695 3979 754 4029 erat
772 3975 889 4029 Chamos
913 3974 1016 4029 idolum
1035 3979 1224 4031 consecratum
1243 3979 1294 4031 eto.
1366 3975 1446 4030 lhss‘.
1466 3975 1521 4045 vgl.

213 4077 287 4132 Hier.
307 4095 404 4133 comm.
423 4077 452 4130 in
470 4079 555 4131 Amos
573 4079 597 4141 2,
617 4077 694 4132 lrfll:
722 4077 757 4129 ad
777 4077 925 4131 australem
943 4079 1057 4146 partem,
1085 4078 1159 4148 quod
1177 4078 1373 4148 interpretatur
1390 4076 1521 4132 Theman.

213 4196 283 4247 quaa
301 4179 443 4248 prouincia
460 4197 516 4234 non
534 4179 624 4232 solum
635 4178 766 4242 Theman,
785 4178 833 4232 sed
851 4181 879 4232 et
891 4179 992 4233 Darom
1004 4181 1032 4232 et
1044 4179 1140 4248 Nageb
1159 4179 1265 4244 dicitur,
1285 4195 1317 4232 eo
1336 4178 1408 4246 quod
1427 4195 1522 4232 eurum
1553 4259 1557 4268 ι

213 4283 241 4333 et
259 4282 382 4333 austrum
400 4279 569 4348 africumque
586 4279 715 4350 respiciat

299 4449 459 4519 hcorrepte
486 4450 523 4502 Va
590 4449 740 4516 lNeneuen
757 4449 799 4501 aa
817 4449 892 4503 Neue
911 4451 935 4502 A
954 4450 1049 4504 Nauen
1071 4449 1234 4504 ONineuen
1252 4448 1284 4500 H
1359 4447 1376 4502 ὅ
1396 4465 1477 4517 supra
1495 4449 1526 4501 H

216 4551 230 4604 7
251 4549 451 4606 occidentalem
475 4551 598 4604 Vollorsa'
668 4551 704 4605 lt
723 4550 919 4620 appelleturH
984 4552 1021 4606 19
1040 4549 1217 4618 maritimam]
1238 4557 1269 4613 4-
1296 4549 1393 4614 {horu
1446 4549 1485 4604 24
1505 4549 1521 4604 l.

214 4651 299 4705 Nesib
370 4654 405 4707 27
428 4652 534 4705 Narath
553 4654 577 4703 A
596 4651 700 4706 Naarto
722 4652 883 4706 ONaurath
903 4653 934 4706 Η
