3752 5542
785 509 976 579 Hieronymus.
1494 515 1533 576 21

131 681 215 737 ΑΘΗ
310 677 394 742 Aser
409 675 520 740 ciuitas
535 677 624 761 regni
639 676 736 757 labin,
758 700 854 762 quem
870 677 971 742 solem
985 677 1125 742 incendit
1138 676 1234 756 lesus,
1256 677 1331 760 quie
1351 675 1535 759 metropolis

228 780 295 840 eret
324 775 465 842 omnium
495 795 664 860 regnorum
685 777 853 862 Fylistiim.
897 781 944 842 est
975 781 1006 840 et
1035 777 1097 841 elie
1118 777 1196 842 uille
1216 798 1317 861 usque
1338 777 1432 842 hodie
1452 776 1537 840 Asor

227 876 261 940 in
283 874 398 939 finibus
412 865 579 940 Ascalonis
602 882 711 942 contre
733 880 886 944 orientem
908 878 982 956 eius,
1005 898 1085 960 quae
1108 876 1221 942 cecidit
1241 877 1275 940 in
1296 879 1413 941 sortem
1433 874 1535 939 tribus

226 973 330 1054 ludeo,
353 975 441 1040 cuius
464 979 495 1039 et
516 977 671 1060 scripture
684 978 835 1058 meminit,
857 976 1019 1061 appellens
1035 999 1103 1041 eem
1118 980 1158 1042 ed
1172 976 1406 1042 distinctionem
1420 975 1536 1040 ueteris

193 1075 311 1141 5Aeor
332 1096 456 1140 nouem.

312 1175 451 1242 Aermon
473 1177 561 1259 regio
583 1175 770 1258 Euneorum,
795 1200 891 1262 quom
912 1177 1050 1243 obtinuit
1071 1177 1168 1242 Iesus.
1211 1179 1362 1240 Hebraeus
1382 1197 1452 1238 uero
1474 1197 1533 1256 quo

221 1279 402 1356 proeleqeete
430 1280 594 1356 sulpturae
615 1281 716 1356 didici,
746 1282 884 1358 affirmet
911 1287 1042 1340 montem
1063 1283 1195 1340 Ammon
1216 1279 1350 1340 Poneodi
1369 1278 1536 1351 imminere,

226 1397 314 1457 quem
343 1378 494 1456 quondam
525 1385 681 1441 uncorum
702 1381 800 1442 direuer'
820 1388 846 1442 et
866 1382 1031 1454 Amorroee',
1062 1381 1095 1440 de
1116 1397 1174 1457 quo
1195 1397 1276 1439 curre
1297 1379 1428 1438 medeae
1448 1379 1536 1437 ciues

230 1481 344 1557 Tyrum
358 1478 392 1538 ot
413 1478 532 1538 delicies
552 1481 747 1557 deseruntur:

178 1583 211 1637 10
311 1573 410 1638 Aelec
444 1595 535 1641 mons
572 1599 667 1661 quem
697 1575 816 1660 Aquila
850 1577 1075 1658 interpretetur
1111 1573 1304 1638 diuidentem
1334 1577 1474 1638 montem
1506 1577 1537 1638 ct

128 1673 130 1680 ’
230 1673 438 1756 Symmachus
459 1673 563 1738 leuem
583 1680 731 1755 montem,
752 1680 785 1740 id
805 1686 848 1739 est
868 1680 1027 1756 limpidum
1048 1679 1116 1738 siue
1137 1677 1291 1738 lotricum.

309 1774 449 1838 Aermon
469 1795 559 1839 mons
574 1775 827 1856 Amorreeorum‚
849 1779 883 1839 dc
897 1798 955 1857 quo
969 1797 1051 1838 nune
1065 1779 1178 1838 dictem
1192 1783 1241 1838 eet.
1277 1793 1371 1855 quem
1386 1769 1537 1836 Foenices

227 1877 345 1940 uocant
367 1871 479 1937 Senior
500 1877 532 1937 et
552 1874 743 1940 Amorraeus
765 1874 939 1959 appellauit
961 1873 1061 1953 Senir,
1091 1873 1269 1955 diciturque
1291 1895 1352 1936 esse
1372 1876 1407 1936 io
1427 1876 1535 1936 uertice

229 1979 294 2038 eice
314 1979 434 2053 insipere
453 1979 602 2056 templum,
625 1978 710 2059 quod
725 1977 764 2040 eb
780 1975 913 2040 ethnicis
928 1973 1027 2038 cultui
1042 1973 1183 2050 hebetur,
1206 1972 1366 2056 eregione
1380 1971 1536 2036 Peneedis

179 2082 212 2136 15
230 2078 262 2138 et
281 2071 402 2138 libeni.
445 2076 500 2137 sed
532 2078 563 2138 et
584 2077 667 2140 terre
688 2074 827 2139 filiorum
848 2073 946 2138 lsreel
972 2077 1058 2137 trans
1080 2071 1246 2137 Iordanem
1273 2075 1313 2136 ed
1334 2071 1410 2136 solis
1432 2074 1537 2136 ortum

231 2196 249 2237 e
269 2177 438 2256 praerupto
461 2173 599 2239 Amonis
620 2197 720 2259 usque
743 2177 782 2238 ed
803 2177 943 2239 montem
963 2174 1104 2239 Aermon
1127 2172 1312 2236 extenditur.

312 2371 405 2436 Anob
428 2372 539 2436 ciuitas
562 2394 657 2456 quem
678 2374 872 2457 expugnauit
893 2372 989 2438 lesus.
1025 2377 1055 2436 et
1070 2377 1231 2455 estusque
1246 2371 1339 2436 hodie
1355 2369 1537 2444 uilleiuxte

229 2471 409 2555 Diospolim
430 2473 522 2554 queri
542 2471 575 2535 in
598 2477 710 2556 querto
732 2472 867 2538 miliario
889 2476 930 2536 ad
952 2471 1134 2537 orientalem
1155 2471 1284 2554 plegem
1302 2492 1383 2554 quae
1405 2472 1538 2534 uocetur

230 2571 290 2635 Bet
312 2572 463 2636 oennebe.
501 2576 634 2652 plerique
659 2583 757 2636 autem
778 2578 939 2654 affirment
957 2578 991 2636 iu
1012 2583 1114 2636 octauo
1136 2575 1172 2634 ab
1193 2593 1227 2634 eo
1247 2575 1379 2634 miliario
1401 2575 1539 2633 edomet

180 2677 214 2733 20
230 2675 372 2752 appellum
394 2670 630 2736 Bettueeubom.

293 2770 422 2837 fAsdod
451 2771 485 2834 in
516 2774 600 2835 sorte
628 2770 730 2836 tribus
752 2770 860 2850 Iudae,
891 2791 971 2853 queo
997 2791 1080 2835 nunc
1101 2773 1234 2834 uocetur
1254 2769 1388 2846 AzotuS,
1418 2767 1537 2851 inque

229 2868 371 2934 derelicti
401 2873 474 2934 sunt
501 2875 644 2950 picentes,
675 2875 729 2953 qut
756 2875 979 2952 uppettrhcotur
999 2869 1139 2935 Enecim.
1183 2872 1215 2934 et
1245 2873 1292 2934 est
1320 2890 1421 2952 usque
1443 2866 1537 2932 hodie

230 2967 354 3053 insigne
377 2969 529 3052 oppidum
550 2969 757 3036 Peleestinee.

314 3069 401 3133 Ader
421 3070 497 3134 urbs
520 3091 615 3153 quom
638 3071 832 3154 expugnauit
853 3069 949 3150 leone,
971 3088 1044 3153 rege
1065 3069 1152 3133 illius
1173 3069 1349 3133 interfecto.

315 4574 409 4630 teins
429 4585 459 4633 <
481 4575 504 4630 0
572 4575 622 4630 li.
639 4575 689 4643 opl.
707 4573 732 4628 V
750 4591 789 4628 eu
805 4573 869 4630 Ze
941 4573 979 4628 10
997 4571 1104 4627 Ahelec
1120 4569 1251 4639 A(B)OH
1312 4570 1348 4626 15
1368 4568 1465 4627 sed<
1483 4567 1542 4621 ΑΗ

231 4677 269 4732 1e
287 4676 487 4732 Bethoennebe
511 4675 551 4730 Va
