3752 5542
785 487 975 557 Hieronymus.
1493 495 1533 558 23

126 661 213 716 AOH
308 655 317 736 *l
337 655 426 721 Afec
470 660 501 720 00
529 658 606 722 10000
635 657 747 722 ciuitas
778 660 837 737 est,
868 678 964 740 quam
994 675 1067 740 rege
1098 655 1196 739 ipsius
1227 657 1383 721 trucidato
1415 677 1532 741 expug·
1550 665 1583 720 91

225 753 432 820 0001010000.

308 856 414 920 Aosaf.
457 859 488 920 et
510 860 619 921 contra
638 857 733 921 huius
755 875 862 940 regem
883 856 973 920 Iesus
994 876 1151 940 pugnasse
1173 856 1372 934 describitur,
1395 857 1532 941 appella·

223 958 338 1038 turqne
360 956 454 1022 hodie
476 955 589 1019 uillala
612 954 744 1022 Chsalus
766 957 799 1020 in
822 960 935 1021 octauo
957 955 1063 1040 lapide
1085 955 1311 1021 Diocaesareae
1334 960 1373 1021 ad
1394 959 1532 1024 radicem

131 1117 134 1126 ,
188 1054 339 1119 amantis
359 1052 490 1119 Thabor
510 1056 544 1118 10
566 1055 802 1138 campestribus.
902 1057 908 1067 “

304 1154 449 1221 Aooaron
470 1155 504 1218 in
525 1155 609 1219 triba
625 1155 704 1234 Dan,
725 1161 791 1220 0100
812 1167 847 1219 at
867 1179 917 1237 000
938 1161 1067 1220 arbitror
1087 1161 1122 1220 ia
1141 1159 1332 1236 1010010000,
1354 1160 1394 1221 ad
1408 1157 1531 1222 laeuam

223 1250 489 1320 Chananaeorum.
532 1257 608 1320 urbs
638 1277 701 1320 una
731 1257 769 1319 de
801 1255 940 1339 0010000
972 1255 1049 1320 olim
1078 1254 1223 1337 satrapiis
1253 1254 1459 1322 Palaestinae.
1501 1263 1532 1322 00

222 1354 346 1416 decreta
368 1357 416 1418 est
438 1354 566 1438 quidem
587 1353 685 1420 tribui
705 1352 810 1433 Iudae,
832 1376 890 1419 000
902 1359 1009 1420 tamen
1023 1359 1111 1420 tenta
1126 1355 1164 1418 ab
1180 1376 1224 1430 ea,
1247 1353 1321 1437 quia
1337 1355 1531 1422 habitatores

220 1451 370 1534 pristinos
401 1455 546 1538 nequiuit
576 1453 739 1537 erpellere.
779 1456 834 1518 sed
861 1457 892 1518 et
913 1476 1014 1538 usque
1036 1453 1129 1520 hodie
1151 1455 1279 1537 granffis
1301 1454 1390 1520 uicus
1413 1455 1531 1520 ciuium

171 1547 409 1616 101udaeorum
431 1553 577 1618 Accaron
600 1554 726 1632 dicitur,
747 1554 830 1618 inter
852 1554 990 1618 Azotum
1012 1558 1043 1618 et
1063 1552 1226 1634 lamniam,
1248 1554 1462 1620 adorientem
1484 1579 1530 1621 re·

221 1651 364 1733 spiciens.
418 1659 541 1734 quidam
570 1664 681 1734 patant
710 1662 843 1718 Accaroa
878 1659 988 1718 turrim
1025 1657 1189 1732 Stratonis,
1220 1663 1323 1733 postea
1357 1659 1530 1720 Caesaream

219 1762 432 1832 nuncupatam.

302 1849 423 1918 Arctus
455 1873 535 1936 quae
565 1873 660 1933 supra
681 1853 803 1932 asdod,
834 1875 934 1937 usque
964 1852 1058 1917 hodie
1080 1874 1144 1916 000
1164 1851 1306 1935 ignobile
1327 1851 1529 1936 municipium

222 1947 425 2029 Palaestinae,
448 1957 564 2016 00000
586 1954 624 2014 (10
647 1951 788 2037 0010000
810 1953 992 2018 ciuitatibus
1007 1951 1232 2034 Allofylorum
1255 1955 1379 2017 decreta
1401 1953 1529 2037 quidem

169 2059 202 2113 15
220 2048 318 2114 tribui
338 2050 444 2129 Iudae,
475 2054 531 2116 sed
561 2073 625 2116 non
654 2056 775 2116 retenta
805 2054 844 2116 ab
868 2075 911 2131 00
942 2051 1018 2134 0010
1039 2071 1240 2134 nequaqnam
1261 2054 1383 2116 ueteres
1406 2053 1528 2118 accolas

221 2148 325 2229 potuit
348 2150 512 2232 expellere.

301 2249 441 2315 Ascalon
462 2249 537 2314 urbs
558 2249 674 2314 nobilis
696 2249 901 2330 Palaestinae,
933 2272 1012 2333 quae
1044 2254 1075 2313 00
1095 2250 1165 2332 ipsa
1186 2251 1360 2332 antiquitus
1382 2275 1445 2316 una
1468 2253 1529 2317 fnit

218 2350 257 2412 de
289 2348 429 2432 0010000
459 2349 605 2433 satrapiis
627 2348 855 2432 Allofylorum‚
886 2354 1030 2433 separata
1064 2350 1192 2433 quidem
1211 2372 1267 2432 per
1293 2355 1411 2416 sortem
1432 2351 1529 2416 tribui

218 2447 322 2526 Iudae,
352 2470 411 2514 000
439 2454 545 2514 tamen
575 2453 695 2513 retenta
716 2450 755 2512 ab
787 2473 831 2527 00,
862 2452 937 2533 0010
966 2450 1159 2514 habitatores
1190 2449 1256 2514 0100
1287 2472 1434 2534 superare
1464 2474 1528 2516 non

167 2548 330 2629 repatuit.

300 2648 401 2712 Afeca
421 2648 573 2714 terminus
590 2648 836 2713 Amorraeorum
851 2670 945 2731 super
959 2650 1125 2713 Iordanem
1144 2647 1176 2712 in
1192 2653 1275 2713 sorte
1290 2650 1391 2713 tribas
1407 2649 1527 2714 Ruben.

216 2748 272 2809 sed
303 2751 334 2810 et
363 2770 463 2832 usque
485 2747 580 2813 hodie
604 2753 650 2813 000
681 2747 845 2814 castellum
867 2752 984 2831 000000
1006 2749 1105 2814 Afeca
1127 2749 1252 2812 nomina
1274 2747 1362 2812 iuxta
1384 2747 1526 2832 Hippum

215 2845 326 2910 urbem
347 2845 554 2913 Palaestinae.

300 2945 392 3029 Agad
411 2947 471 3011 sita
493 2950 533 3011 ad
554 2949 675 3013 radices
697 2947 814 3013 montis
836 2946 983 3011 Aermon.

165 3055 198 3108 25
299 3045 436 3110 Aemath
457 3049 532 3112 urbs
556 3068 635 3129 0000
658 3047 771 3111 0001010
792 3047 825 3110 10
847 3051 964 3112 sortem
983 3046 1103 3114 Ruben.
1139 3049 1194 3111 sed
1217 3050 1248 3110 00
1270 3068 1354 3112 0000
1368 3046 1525 3111 Amathus

215 3143 293 3208 01110
314 3145 431 3211 dicitur
451 3150 537 3210 trans
560 3144 725 3213 Iordanem
746 3147 780 3210 10
801 3146 951 3212 uicesimo
973 3147 1075 3229 primo
1093 3145 1228 3212 miliario
1245 3143 1350 3210 Pellae
1372 3149 1412 3210 ad
1433 3147 1525 3210 meri-

215 3243 307 3308 diem.
345 3249 391 3308 est
413 3248 445 3310 et
466 3245 529 3310 0110
550 3245 627 3309 01110
648 3247 682 3309 10
703 3245 819 3310 0101010
835 3245 975 3310 Gadarae
990 3248 1116 3312 nomine
1131 3246 1308 3318 Ammatha,
1329 3247 1386 3310 ubi
1405 3245 1525 3311 calidae

215 3365 314 3427 aquae
345 3349 522 3428 erumpunt.
563 3347 597 3409 in
619 3344 802 3428 Regnorum
833 3367 961 3429 000000
991 3345 1080 3410 libris
1110 3345 1270 3410 scribitur:
1304 3344 1362 3408 »ab
1392 3343 1524 3409 introitu

215 3444 350 3508 Aemath
373 3466 474 3528 usqae
497 3447 536 3507 ad
557 3466 643 3508 mare
657 3445 793 3524 Arabm,
814 3449 1064 3522 110000000ον01,
1087 3447 1173 3529 quod
1195 3450 1242 3510 est
1256 3465 1341 3509 mare
1356 3449 1523 3508 mortuum.

159 3551 193 3606 30
213 3565 265 3623 ayo
287 3553 387 3608 autam
408 3548 597 3624 inaestiparae
617 3549 733 3626 repperi
753 3549 879 3608 Aarratb
899 3548 1002 3608 arbem
1026 3549 1123 3609 Coeles
1145 3549 1250 3627 Syriae
1271 3548 1419 3626 appellari,
1450 3567 1524 3626 qaae

212 3665 296 3706 aaac
323 3648 431 3708 Graeco
453 3667 587 3708 sermone
607 3649 755 3724 Eplsaaia
775 3655 977 3725 nuncapatur.

294 4063 331 4118 13
341 4062 375 4118 a.
394 4061 450 4132 vgl.
470 4061 542 4117 Hiar.
561 4079 657 4117 comm.
676 4063 705 4116 10
723 4063 768 4117 Jas
786 4065 827 4130 ⁶20,
847 4063 907 4117 aa:
926 4065 1038 4126 Arctus,
1058 4080 1128 4132 qnae
1146 4063 1280 4119 Hebraico
1303 4064 1404 4119 dicitnr
1420 4063 1522 4126 Esdod,

206 4165 271 4218 urbs
298 4162 352 4218 fuit
377 4164 568 4235 potentissima
586 4163 760 4218 Palaestinae
785 4164 820 4218 de
839 4165 958 4234 quinque
984 4163 1096 4218 urbibus
1201 4166 1240 4220 80
1258 4165 1313 4236 vgl.
1333 4165 1358 4218 V
1377 4167 1404 4220 Z.
1422 4165 1455 4221 23
1473 4171 1521 4234 τῆς

205 4263 359 4330 rattibor?

290 4450 475 4519 8010000οΑ
494 4452 586 4521 Asaph
608 4451 632 4506 0
648 4449 757 4519 Ascaph
778 4449 810 4502 H
879 4452 893 4505 1
917 4450 993 4520 olim]
1012 4451 1062 4518 apl.
1075 4469 1102 4504 a.
1115 4451 1216 4507 Azotus
1288 4453 1324 4508 11
1347 4456 1450 4508 turrem
1468 4453 1523 4506 ΑΗ

205 4551 245 4606 24
264 4550 282 4604 1.
300 4549 392 4622 Algad
496 4551 639 4622 20001010
659 4559 691 4611 <
713 4551 736 4605 0
837 4553 874 4607 21
896 4552 1047 4608 nominem.
1065 4553 1160 4607 matha
1179 4553 1211 4607 H
1306 4553 1476 4621 1000000100
1494 4555 1519 4606 Α

205 4653 326 4707 Amatha
348 4652 371 4708 0
1024 4649 1026 4656 '
