3780 5536
779 485 967 555 Hieronymus.

126 653 213 708 ACH
308 651 442 716 Ieithael
462 655 496 720 in
518 655 601 720 tribu
625 655 775 722 Zabulon.

307 749 413 816 ladcla
434 753 467 816 iu
488 755 573 818 tribu
595 754 744 821 Zabulon.

309 849 447 917 larmoth
469 854 502 918 in
525 855 608 919 tribu
625 854 775 935 lssaohar,
797 855 872 919 urbs
894 854 1108 919 sacerdotibus
1131 859 1282 936 separata.
1325 855 1487 938 posuimus
1503 859 1535 918 et

226 971 321 1032 supra
342 949 503 1030 lerimuth,
525 955 615 1019 ouius
637 961 670 1020 et
690 955 769 1020 Osce
791 955 914 1038 profeta
935 955 1085 1017 rnenrinit

192 1060 208 1114 5
308 1048 418 1115 labnel
438 1053 470 1117 in
493 1054 577 1118 tribu
601 1053 784 1118 Nefthalim.

308 1149 398 1218 Ieron
421 1153 455 1216 in
477 1154 561 1217 tribu
584 1152 769 1218 Nefthalinr.

307 1248 441 1315 letblam
460 1252 494 1316 iu
516 1253 600 1318 tribu
614 1253 694 1318 Dan.

308 1347 396 1414 lelou
418 1353 450 1415 in
473 1353 558 1417 tribu
580 1351 659 1416 Dan.

309 1447 367 1513 lud
389 1453 423 1515 in
443 1452 529 1516 tribu
551 1452 631 1518 Dan.

177 1544 209 1598 10
309 1547 438 1616 Ieracou
460 1573 559 1635 aquae
581 1552 615 1616 in
636 1552 721 1616 tribu
742 1550 822 1614 Dan.

309 1646 393 1713 labis
417 1648 543 1716 Galaad.
588 1657 619 1716 et
642 1653 721 1716 banc
743 1657 1008 1734 oppugnaucrunt
1032 1651 1090 1714 filii
1112 1649 1217 1716 lsrael.
1257 1673 1340 1715 nunc
1362 1655 1466 1714 autem
1489 1655 1536 1713 est

225 1746 315 1812 nicus
345 1751 433 1814 trans
455 1749 620 1816 Iordanem
653 1753 687 1816 iu
717 1757 805 1816 sexto
833 1751 966 1814 miliario
990 1751 1127 1815 ciuitatis
1150 1749 1257 1814 Pellae
1280 1773 1373 1834 super
1396 1754 1535 1815 montem

227 1847 373 1912 euntibus
396 1847 554 1915 Gerasam.

694 2033 742 2098 Do
767 2031 948 2118 Regnorum
969 2031 1067 2097 libris.

178 2185 210 2239 15
311 2180 381 2246 laar
402 2182 508 2262 saltus,
531 2183 564 2246 in
587 2206 649 2268 qno
673 2206 802 2248 examen
826 2183 933 2266 apium
956 2185 1024 2248 fuit.

310 2280 454 2346 lerameli
475 2284 562 2366 regio
586 2283 808 2366 Alloiylorum.

311 2378 415 2444 lether
445 2385 484 2445 ad
516 2405 608 2466 quam
640 2385 726 2448 misit
747 2383 860 2446 Dauid.
903 2404 986 2446 nunc
1021 2387 1068 2446 est
1098 2380 1175 2444 nilla
1196 2381 1229 2444 in
1251 2380 1389 2446 Daroma
1409 2381 1536 2445 nomine

227 2476 354 2559 Iethira,
376 2483 414 2544 de
436 2503 499 2565 qua
521 2489 552 2548 et
574 2507 668 2567 snpra
690 2485 834 2548 diximus.

311 2578 457 2644 lacmaan
479 2582 591 2646 ciuitas
612 2583 791 2666 principum
816 2581 999 2647 Salomonis.

176 2683 209 2736 2¹)
309 2677 494 2761 ltabyrium,
523 2705 580 2765 pro
603 2705 666 2766 quo
689 2681 807 2766 Aquila
838 2685 870 2744 et
891 2680 1099 2762 Symmachus
1130 2679 1162 2743 in
1186 2679 1265 2744 Osee
1291 2681 1414 2762 profeta
1436 2686 1535 2744 trans·

225 2776 366 2842 tulerunt
389 2779 522 2845 Thabor.
567 2789 613 2846 est
635 2787 740 2846 autem
763 2805 852 2847 mous
875 2779 1001 2844 Thabor
1022 2781 1054 2842 in
1077 2801 1187 2862 campo
1214 2780 1351 2844 maximo
1374 2783 1413 2843 ad
1435 2781 1535 2844 orien-

225 2877 321 2941 talem
343 2878 471 2963 plagam
493 2880 649 2964 Legionis.

309 2975 448 3044 lecthoel
470 3003 584 3045 nornen
607 2980 719 3045 Petrae
741 2981 774 3044 in
797 2979 977 3064 Regnorum
999 2980 1097 3044 libris.

310 3076 418 3142 letaba
440 3080 515 3144 urbs
537 3081 668 3163 antiqua
689 3079 794 3144 ludac.

176 3181 209 3232 25
309 3176 406 3261 loppe
428 3181 578 3262 oppidum
602 3179 798 3243 Palaestinae
819 3180 1012 3243 maritimum
1035 3179 1067 3241 in
1090 3178 1174 3241 tribu
1196 3177 1275 3240 Dan.

746 3461 793 3526 lle
815 3459 1008 3544 Euangeliia

307 3611 430 3677 Ituraea
453 3619 484 3678 et
505 3613 704 3679 Trachonitis
727 3613 827 3696 regio,
850 3612 938 3676 cuius
960 3612 1116 3675 tetrarcha
1138 3610 1199 3674 fuit
1221 3609 1374 3692 Filippus,
1397 3609 1479 3672 sicut
1500 3609 1533 3672 in

224 3711 407 3795 Euangeliis
429 3713 572 3796 legimus.
609 3713 807 3778 Trachonitis
830 3717 933 3775 autern
956 3711 1070 3774 dicitur
1084 3716 1167 3774 terra
1181 3711 1268 3772 iuxta
1284 3711 1440 3772 desertum
1456 3708 1534 3770 Ara-

225 3819 295 3882 biae
317 3823 403 3902 quod
426 3819 557 3882 Bostrae
579 3816 729 3898 iungitur.

311 4153 351 4206 20
360 4151 394 4204 ff.
412 4149 467 4220 vgl.
488 4149 559 4202 Hier.
579 4163 675 4201 comm.
695 4145 723 4198 in
742 4143 798 4196 Hos
816 4145 839 4205 5,
859 4143 910 4196 1f.:
937 4141 1054 4204 Thabor,
1083 4159 1164 4210 quam
1183 4139 1364 4210 Septuaginta
1381 4133 1533 4208 Ἰταβύριον

226 4253 427 4308 transtulerunt
445 4291 451 4304 .
471 4290 476 4301 .
496 4293 502 4305 .
522 4290 527 4303 .
547 4251 589 4303 eat
616 4250 707 4301 antem
724 4245 835 4300 Thabor
863 4261 939 4297 mons
966 4243 994 4296 in
1013 4243 1146 4308 Galilaea,
1174 4242 1242 4296 situs
1269 4239 1298 4294 iu
1326 4236 1533 4307 campestribus,

225 4353 357 4408 rotundus
376 4356 458 4422 atque
476 4351 602 4406 sublimis
626 4353 654 4404 et
676 4367 709 4402 ex
728 4347 804 4401 omui
822 4349 899 4418 parte
916 4346 1012 4399 finitur
1029 4345 1180 4414 aequaliter
1284 4342 1320 4396 a?
1333 4341 1367 4394 n.
1386 4339 1441 4407 vgl.
1460 4337 1533 4391 Hier.

226 4473 322 4509 comm.
342 4456 370 4508 in
389 4455 480 4510 blattb
499 4455 538 4518 16,
563 4455 592 4506 13

310 4657 477 4716 clamare
545 4651 942 4720 islaththirailoyl.1⁷‘.>)
1013 4651 1102 4708 Tb<
1121 4649 1174 4702 Ao
