<?xml version="1.0" encoding="UTF-8"?>
<!DOCTYPE html PUBLIC "-//W3C//DTD XHTML 1.0 Transitional//EN"
    "http://www.w3.org/TR/xhtml1/DTD/xhtml1-transitional.dtd">
<html xmlns="http://www.w3.org/1999/xhtml" xml:lang="en" lang="en">
 <head>
  <title>
</title>
<meta http-equiv="Content-Type" content="text/html;charset=utf-8" />
  <meta name='ocr-system' content='tesseract 3.04.00' />
  <meta name='ocr-capabilities' content='ocr_page ocr_carea ocr_par ocr_line ocrx_word'/>
</head>
<body>
  <div class='ocr_page' id='page_1' title='image "./diegriechischen02religoog/diegriechischen02religoog_0134.png"; bbox 0 0 3780 5536; ppageno 0'>
   <div class='ocr_carea' id='block_1_1' title="bbox 359 506 1085 576">
    <p class='ocr_par' dir='ltr' id='par_1_1' title="bbox 359 506 1085 576">
     <span class='ocr_line' id='line_1_1' title="bbox 359 506 1085 576; baseline -0.006 -12"><span class='ocrx_word' id='word_1_1' title='bbox 359 514 398 576; x_wconf 83' lang='lat'><strong><em>76</em></strong></span> <span class='ocrx_word' id='word_1_2' title='bbox 944 506 1085 563; x_wconf 77' lang='lat' dir='ltr'>Eusebius.</span> 
     </span>
    </p>
   </div>
   <div class='ocr_carea' id='block_1_2' title="bbox 442 631 1664 760">
    <p class='ocr_par' dir='ltr' id='par_1_2' title="bbox 442 631 1664 760">
     <span class='ocr_line' id='line_1_2' title="bbox 442 631 1664 760; baseline -0.003 -20"><span class='ocrx_word' id='word_1_3' title='bbox 442 675 527 758; x_wconf 86' lang='grc' dir='ltr'><strong><em>Δρῦς</em></strong></span> <span class='ocrx_word' id='word_1_4' title='bbox 550 675 693 760; x_wconf 81' lang='grc' dir='ltr'><strong><em>Μαμβρῆ</em></strong></span> <span class='ocrx_word' id='word_1_5' title='bbox 716 674 797 756; x_wconf 82' lang='lat' dir='ltr'><strong>(Gen</strong></span> <span class='ocrx_word' id='word_1_6' title='bbox 819 681 865 756; x_wconf 87' lang='lat'><strong><em>13,</em></strong></span> <span class='ocrx_word' id='word_1_7' title='bbox 891 677 950 755; x_wconf 82' lang='lat'>18).</span> <span class='ocrx_word' id='word_1_8' title='bbox 992 666 1013 760; x_wconf 80' lang='grc' dir='ltr'><em>ἦ</em></span> <span class='ocrx_word' id='word_1_9' title='bbox 1036 666 1123 757; x_wconf 85' lang='grc' dir='ltr'><strong><em>πρὸς</em></strong></span> <span class='ocrx_word' id='word_1_10' title='bbox 1145 676 1189 756; x_wconf 87' lang='grc' dir='ltr'><strong><em>τῆ</em></strong></span> <span class='ocrx_word' id='word_1_11' title='bbox 1211 667 1353 755; x_wconf 83' lang='grc' dir='ltr'><strong><em>Χεβροόν</em></strong></span> <span class='ocrx_word' id='word_1_12' title='bbox 1375 669 1421 749; x_wconf 86' lang='grc' dir='ltr'><strong><em>είς</em></strong></span> <span class='ocrx_word' id='word_1_13' title='bbox 1442 668 1492 737; x_wconf 85' lang='grc' dir='ltr'><strong><em>έτι</em></strong></span> <span class='ocrx_word' id='word_1_14' title='bbox 1515 631 1577 737; x_wconf 82' lang='grc' dir='ltr'><strong><em>νῦν</em></strong></span> <span class='ocrx_word' id='word_1_15' title='bbox 1598 671 1664 737; x_wconf 83' lang='grc' dir='ltr'><strong><em>δει-</em></strong></span> 
     </span>
    </p>
   </div>
   <div class='ocr_carea' id='block_1_3' title="bbox 356 763 1664 960">
    <p class='ocr_par' dir='ltr' id='par_1_3' title="bbox 356 763 1664 960">
     <span class='ocr_line' id='line_1_3' title="bbox 357 763 1664 860; baseline -0.004 -19"><span class='ocrx_word' id='word_1_16' title='bbox 357 776 503 860; x_wconf 88' lang='grc' dir='ltr'><strong><em>κνυμένη</em></strong></span> <span class='ocrx_word' id='word_1_17' title='bbox 534 775 737 857; x_wconf 74' lang='grc' dir='ltr'><strong><em>τερέβινθος,</em></strong></span> <span class='ocrx_word' id='word_1_18' title='bbox 770 773 854 841; x_wconf 83' lang='grc' dir='ltr'><strong><em>ἔνθα</em></strong></span> <span class='ocrx_word' id='word_1_19' title='bbox 886 767 1030 858; x_wconf 75' lang='grc' dir='ltr'><strong><em>ἐσκήνου</em></strong></span> <span class='ocrx_word' id='word_1_20' title='bbox 1049 763 1201 856; x_wconf 77' lang='grc' dir='ltr'><strong><em>Ἁβραάμ,</em></strong></span> <span class='ocrx_word' id='word_1_21' title='bbox 1231 763 1329 856; x_wconf 87' lang='grc' dir='ltr'><strong><em>ῆκαὶ</em></strong></span> <span class='ocrx_word' id='word_1_22' title='bbox 1359 763 1426 838; x_wconf 80' lang='grc' dir='ltr'><strong><em>όπό</em></strong></span> <span class='ocrx_word' id='word_1_23' title='bbox 1449 773 1525 837; x_wconf 82' lang='grc' dir='ltr'><strong><em>τῶν</em></strong></span> <span class='ocrx_word' id='word_1_24' title='bbox 1546 771 1664 838; x_wconf 82' lang='grc' dir='ltr'><strong><em>ίθνοόν</em></strong></span> 
     </span>
     <span class='ocr_line' id='line_1_4' title="bbox 356 870 586 960; baseline 0 -20"><span class='ocrx_word' id='word_1_25' title='bbox 356 870 586 960; x_wconf 85' lang='grc' dir='ltr'><strong><em>θρησκεόεται.</em></strong></span> 
     </span>
    </p>
   </div>
   <div class='ocr_carea' id='block_1_4' title="bbox 323 1159 1663 1376">
    <p class='ocr_par' dir='ltr' id='par_1_4' title="bbox 323 1159 1663 1376">
     <span class='ocr_line' id='line_1_5' title="bbox 440 1159 1663 1259; baseline 0 -20"><span class='ocrx_word' id='word_1_26' title='bbox 440 1166 613 1259; x_wconf 86' lang='grc' dir='ltr'><strong><em>Δαμασκός</em></strong></span> <span class='ocrx_word' id='word_1_27' title='bbox 639 1174 719 1257; x_wconf 82' lang='lat' dir='ltr'>(Gen</span> <span class='ocrx_word' id='word_1_28' title='bbox 743 1181 790 1253; x_wconf 85' lang='lat'><strong><em>15,</em></strong></span> <span class='ocrx_word' id='word_1_29' title='bbox 812 1177 853 1255; x_wconf 92' lang='grc'><strong><em>2).</em></strong></span> <span class='ocrx_word' id='word_1_30' title='bbox 895 1167 994 1252; x_wconf 81' lang='grc' dir='ltr'><strong><em>πόλις</em></strong></span> <span class='ocrx_word' id='word_1_31' title='bbox 1024 1173 1185 1258; x_wconf 84' lang='grc' dir='ltr'><strong><em>ἐπίσημος</em></strong></span> <span class='ocrx_word' id='word_1_32' title='bbox 1209 1172 1375 1255; x_wconf 80' lang='grc' dir='ltr'><strong><em>Φοινίκης.</em></strong></span> <span class='ocrx_word' id='word_1_33' title='bbox 1418 1159 1511 1240; x_wconf 69' lang='grc' dir='ltr'><strong><em>οὕτω</em></strong></span> <span class='ocrx_word' id='word_1_34' title='bbox 1543 1174 1579 1239; x_wconf 82' lang='grc' dir='ltr'><strong><em>δὲ</em></strong></span> <span class='ocrx_word' id='word_1_35' title='bbox 1607 1177 1663 1240; x_wconf 83' lang='grc' dir='ltr'><strong><em>καὶ</em></strong></span> 
     </span>
     <span class='ocr_line' id='line_1_6' title="bbox 323 1265 1339 1376; baseline -0.001 -38"><span class='ocrx_word' id='word_1_36' title='bbox 323 1285 339 1338; x_wconf 84' lang='grc'>5</span> <span class='ocrx_word' id='word_1_37' title='bbox 360 1274 440 1358; x_wconf 78' lang='grc' dir='ltr'><strong><em>»τῆς</em></strong></span> <span class='ocrx_word' id='word_1_38' title='bbox 462 1275 577 1341; x_wconf 75' lang='grc' dir='ltr'><strong><em>λίασὲκ</em></strong></span> <span class='ocrx_word' id='word_1_39' title='bbox 598 1275 811 1376; x_wconf 71' lang='grc' dir='ltr'><strong><em>σίκομενοῦςι</em></strong></span> <span class='ocrx_word' id='word_1_40' title='bbox 837 1276 900 1342; x_wconf 87' lang='grc' dir='ltr'><strong><em>τοῦ</em></strong></span> <span class='ocrx_word' id='word_1_41' title='bbox 920 1265 1064 1358; x_wconf 74' lang='grc' dir='ltr'><strong><em>Ἀβραὰμ</em></strong></span> <span class='ocrx_word' id='word_1_42' title='bbox 1085 1266 1157 1349; x_wconf 82' lang='grc' dir='ltr'><strong><em>υίὸς</em></strong></span> <span class='ocrx_word' id='word_1_43' title='bbox 1179 1269 1339 1338; x_wconf 79' lang='grc' dir='ltr'><strong><em>ἐκαλεῖτο.</em></strong></span> 
     </span>
    </p>
   </div>
   <div class='ocr_carea' id='block_1_5' title="bbox 283 1560 1662 1857">
    <p class='ocr_par' dir='ltr' id='par_1_5' title="bbox 283 1560 1662 1857">
     <span class='ocr_line' id='line_1_7' title="bbox 437 1560 1662 1658; baseline 0 -20"><span class='ocrx_word' id='word_1_44' title='bbox 437 1564 507 1638; x_wconf 84' lang='grc' dir='ltr'><strong><em>Δόν</em></strong></span> <span class='ocrx_word' id='word_1_45' title='bbox 537 1574 617 1655; x_wconf 86' lang='lat' dir='ltr'>(Gen</span> <span class='ocrx_word' id='word_1_46' title='bbox 641 1577 772 1654; x_wconf 71' lang='lat'><strong><em>14„14).</em></strong></span> <span class='ocrx_word' id='word_1_47' title='bbox 816 1561 909 1641; x_wconf 72' lang='grc' dir='ltr'><strong><em>οὕτω</em></strong></span> <span class='ocrx_word' id='word_1_48' title='bbox 940 1575 1132 1658; x_wconf 79' lang='grc' dir='ltr'><strong><em>καλουμένη</em></strong></span> <span class='ocrx_word' id='word_1_49' title='bbox 1161 1567 1273 1655; x_wconf 79' lang='grc' dir='ltr'><strong><em>κώμη,</em></strong></span> <span class='ocrx_word' id='word_1_50' title='bbox 1305 1560 1478 1646; x_wconf 80' lang='grc' dir='ltr'><strong><em>Πανεόδος</em></strong></span> <span class='ocrx_word' id='word_1_51' title='bbox 1507 1561 1576 1636; x_wconf 71' lang='grc' dir='ltr'><strong><em>ἀπὸ</em></strong></span> <span class='ocrx_word' id='word_1_52' title='bbox 1608 1591 1662 1655; x_wconf 92' lang='grc' dir='ltr'><strong><em>ση-</em></strong></span> 
     </span>
     <span class='ocr_line' id='line_1_8' title="bbox 354 1656 1662 1758; baseline 0 -21"><span class='ocrx_word' id='word_1_53' title='bbox 354 1675 459 1755; x_wconf 80' lang='grc' dir='ltr'><strong><em>μείων</em></strong></span> <span class='ocrx_word' id='word_1_54' title='bbox 481 1668 512 1738; x_wconf 84' lang='grc' dir='ltr'><strong><em>δ’</em></strong></span> <span class='ocrx_word' id='word_1_55' title='bbox 536 1666 624 1740; x_wconf 82' lang='grc' dir='ltr'><strong><em>κατὰ</em></strong></span> <span class='ocrx_word' id='word_1_56' title='bbox 646 1667 711 1756; x_wconf 89' lang='grc' dir='ltr'><strong><em>τῆν</em></strong></span> <span class='ocrx_word' id='word_1_57' title='bbox 733 1663 816 1739; x_wconf 87' lang='grc' dir='ltr'><strong><em>όδόν</em></strong></span> <span class='ocrx_word' id='word_1_58' title='bbox 837 1668 902 1758; x_wconf 91' lang='grc' dir='ltr'><strong><em>τῆν</em></strong></span> <span class='ocrx_word' id='word_1_59' title='bbox 924 1674 979 1739; x_wconf 85' lang='grc' dir='ltr'><strong><em>έπὶ</em></strong></span> <span class='ocrx_word' id='word_1_60' title='bbox 1001 1667 1118 1756; x_wconf 84' lang='grc' dir='ltr'><strong><em>Τύρον,</em></strong></span> <span class='ocrx_word' id='word_1_61' title='bbox 1141 1663 1215 1757; x_wconf 86' lang='grc' dir='ltr'><strong><em>ῆτις</em></strong></span> <span class='ocrx_word' id='word_1_62' title='bbox 1236 1672 1292 1736; x_wconf 83' lang='grc' dir='ltr'><strong><em>καὶ</em></strong></span> <span class='ocrx_word' id='word_1_63' title='bbox 1314 1656 1410 1751; x_wconf 86' lang='grc' dir='ltr'><strong><em>όριον</em></strong></span> <span class='ocrx_word' id='word_1_64' title='bbox 1428 1670 1490 1754; x_wconf 89' lang='grc' dir='ltr'><strong><em>τῆς</em></strong></span> <span class='ocrx_word' id='word_1_65' title='bbox 1503 1661 1662 1749; x_wconf 77' lang='grc' dir='ltr'><strong><em>Ἰουδαίας</em></strong></span> 
     </span>
     <span class='ocr_line' id='line_1_9' title="bbox 283 1763 1112 1857; baseline 0 -19"><span class='ocrx_word' id='word_1_66' title='bbox 283 1773 337 1832; x_wconf 63' lang='grc'><strong><em>251</em></strong></span> <span class='ocrx_word' id='word_1_67' title='bbox 354 1763 512 1856; x_wconf 73' lang='grc' dir='ltr'><strong><em>ὑπῆρχεν,</em></strong></span> <span class='ocrx_word' id='word_1_68' title='bbox 533 1773 537 1854; x_wconf 85' lang='grc' dir='ltr'>Ι</span> <span class='ocrx_word' id='word_1_69' title='bbox 558 1771 658 1839; x_wconf 79' lang='grc' dir='ltr'><strong><em>ἔνθεν</em></strong></span> <span class='ocrx_word' id='word_1_70' title='bbox 679 1775 734 1839; x_wconf 84' lang='grc' dir='ltr'><strong><em>καὶ</em></strong></span> <span class='ocrx_word' id='word_1_71' title='bbox 758 1763 776 1839; x_wconf 89' lang='grc' dir='ltr'><strong><em>ό</em></strong></span> <span class='ocrx_word' id='word_1_72' title='bbox 798 1763 965 1857; x_wconf 81' lang='grc' dir='ltr'><strong><em>Ἰορδάνης</em></strong></span> <span class='ocrx_word' id='word_1_73' title='bbox 987 1771 1112 1855; x_wconf 74' lang='grc' dir='ltr'><strong><em>ἔξεισιν.</em></strong></span> 
     </span>
    </p>
   </div>
   <div class='ocr_carea' id='block_1_6' title="bbox 303 1961 1662 2655">
    <p class='ocr_par' dir='ltr' id='par_1_6' title="bbox 303 1961 1662 2655">
     <span class='ocr_line' id='line_1_10' title="bbox 437 1961 1661 2054; baseline 0 -18"><span class='ocrx_word' id='word_1_74' title='bbox 437 1973 571 2051; x_wconf 85' lang='grc' dir='ltr'><strong><em>Δαναβᾶ</em></strong></span> <span class='ocrx_word' id='word_1_75' title='bbox 593 1971 673 2053; x_wconf 84' lang='lat' dir='ltr'>(Gen</span> <span class='ocrx_word' id='word_1_76' title='bbox 695 1978 743 2050; x_wconf 88' lang='grc'><strong><em>36,</em></strong></span> <span class='ocrx_word' id='word_1_77' title='bbox 766 1975 827 2053; x_wconf 89' lang='grc'><strong><em>32).</em></strong></span> <span class='ocrx_word' id='word_1_78' title='bbox 868 1963 969 2048; x_wconf 80' lang='grc' dir='ltr'><strong><em>πόλις</em></strong></span> <span class='ocrx_word' id='word_1_79' title='bbox 992 1964 1109 2038; x_wconf 81' lang='grc' dir='ltr'><strong><em>Βαλὰκ</em></strong></span> <span class='ocrx_word' id='word_1_80' title='bbox 1138 1967 1213 2037; x_wconf 79' lang='grc' dir='ltr'><strong><em>υἱοῦ</em></strong></span> <span class='ocrx_word' id='word_1_81' title='bbox 1236 1965 1335 2053; x_wconf 81' lang='grc' dir='ltr'><strong><em>Βεώρ</em></strong></span> <span class='ocrx_word' id='word_1_82' title='bbox 1360 1969 1523 2048; x_wconf 86' lang='grc' dir='ltr'><strong><em>βασιλέως</em></strong></span> <span class='ocrx_word' id='word_1_83' title='bbox 1544 1961 1661 2054; x_wconf 74' lang='grc' dir='ltr'><strong><em>Ἐδώμ,</em></strong></span> 
     </span>
     <span class='ocr_line' id='line_1_11' title="bbox 303 2059 1661 2155; baseline -0.002 -16"><span class='ocrx_word' id='word_1_84' title='bbox 303 2084 337 2139; x_wconf 88' lang='grc'><strong><em>10</em></strong></span> <span class='ocrx_word' id='word_1_85' title='bbox 353 2063 428 2155; x_wconf 71' lang='grc' dir='ltr'><strong><em>μεθ’</em></strong></span> <span class='ocrx_word' id='word_1_86' title='bbox 452 2059 493 2137; x_wconf 78' lang='grc' dir='ltr'><strong><em>ὃν</em></strong></span> <span class='ocrx_word' id='word_1_87' title='bbox 515 2070 724 2151; x_wconf 80' lang='grc' dir='ltr'><strong><em>ἐβασίλευσεν</em></strong></span> <span class='ocrx_word' id='word_1_88' title='bbox 737 2063 817 2153; x_wconf 79' lang='grc' dir='ltr'><strong><em>Ίοίβ.</em></strong></span> <span class='ocrx_word' id='word_1_89' title='bbox 852 2075 908 2139; x_wconf 87' lang='grc' dir='ltr'><strong><em>καὶ</em></strong></span> <span class='ocrx_word' id='word_1_90' title='bbox 930 2069 1000 2137; x_wconf 83' lang='grc' dir='ltr'><strong><em>ἔστι</em></strong></span> <span class='ocrx_word' id='word_1_91' title='bbox 1024 2073 1086 2137; x_wconf 85' lang='grc' dir='ltr'><strong><em>νῦν</em></strong></span> <span class='ocrx_word' id='word_1_92' title='bbox 1106 2063 1204 2154; x_wconf 84' lang='grc' dir='ltr'><strong><em>κιόμη</em></strong></span> <span class='ocrx_word' id='word_1_93' title='bbox 1221 2061 1349 2135; x_wconf 83' lang='grc' dir='ltr'><strong><em>Δαννεὰ</em></strong></span> <span class='ocrx_word' id='word_1_94' title='bbox 1371 2059 1439 2135; x_wconf 81' lang='grc' dir='ltr'><strong><em>ἇπό</em></strong></span> <span class='ocrx_word' id='word_1_95' title='bbox 1462 2060 1498 2152; x_wconf 85' lang='grc' dir='ltr'><strong><em>η’</em></strong></span> <span class='ocrx_word' id='word_1_96' title='bbox 1515 2071 1661 2153; x_wconf 84' lang='grc' dir='ltr'><strong><em>σημείων</em></strong></span> 
     </span>
     <span class='ocr_line' id='line_1_12' title="bbox 354 2161 1662 2255; baseline 0.002 -21"><span class='ocrx_word' id='word_1_97' title='bbox 354 2161 599 2253; x_wconf 80' lang='grc' dir='ltr'><strong><em>&lt;Ἂρεοπόλεως</em></strong></span> <span class='ocrx_word' id='word_1_98' title='bbox 619 2161 799 2237; x_wconf 72' lang='grc' dir='ltr'><strong><em>ἀπιόντων</em></strong></span> <span class='ocrx_word' id='word_1_99' title='bbox 820 2172 867 2250; x_wconf 90' lang='grc' dir='ltr'><strong><em>είς</em></strong></span> <span class='ocrx_word' id='word_1_100' title='bbox 888 2165 953 2238; x_wconf 89' lang='grc' dir='ltr'><strong><em>τόν</em></strong></span> <span class='ocrx_word' id='word_1_101' title='bbox 973 2162 1155 2255; x_wconf 79' lang='grc' dir='ltr'><strong><em>Ἂρνωνᾶν,</em></strong></span> <span class='ocrx_word' id='word_1_102' title='bbox 1177 2171 1234 2235; x_wconf 88' lang='grc' dir='ltr'><strong><em>καλ</em></strong></span> <span class='ocrx_word' id='word_1_103' title='bbox 1255 2161 1342 2251; x_wconf 82' lang='grc' dir='ltr'><strong><em>ἄλλη</em></strong></span> <span class='ocrx_word' id='word_1_104' title='bbox 1365 2167 1500 2246; x_wconf 86' lang='grc' dir='ltr'><strong><em>Δαναβᾶ</em></strong></span> <span class='ocrx_word' id='word_1_105' title='bbox 1522 2167 1576 2233; x_wconf 77' lang='grc' dir='ltr'><strong><em>ἐπὶ</em></strong></span> <span class='ocrx_word' id='word_1_106' title='bbox 1599 2171 1662 2236; x_wconf 85' lang='grc' dir='ltr'><strong><em>τοῦ</em></strong></span> 
     </span>
     <span class='ocr_line' id='line_1_13' title="bbox 354 2257 1178 2355; baseline -0.002 -21"><span class='ocrx_word' id='word_1_107' title='bbox 354 2257 456 2352; x_wconf 86' lang='grc' dir='ltr'><strong><em>ὄρους</em></strong></span> <span class='ocrx_word' id='word_1_108' title='bbox 480 2266 603 2354; x_wconf 81' lang='grc' dir='ltr'><strong><em>Φογοόρ</em></strong></span> <span class='ocrx_word' id='word_1_109' title='bbox 625 2260 693 2336; x_wconf 74' lang='grc' dir='ltr'><strong><em>ἀπὸ</em></strong></span> <span class='ocrx_word' id='word_1_110' title='bbox 715 2269 879 2354; x_wconf 83' lang='grc' dir='ltr'><strong><em>σημείων)</em></strong></span> <span class='ocrx_word' id='word_1_111' title='bbox 903 2263 933 2352; x_wconf 81' lang='grc' dir='ltr'><strong><em>ζ’</em></strong></span> <span class='ocrx_word' id='word_1_112' title='bbox 958 2271 1019 2355; x_wconf 89' lang='grc' dir='ltr'><strong><em>τῆς</em></strong></span> <span class='ocrx_word' id='word_1_113' title='bbox 1039 2261 1178 2349; x_wconf 81' lang='grc' dir='ltr'><strong><em>Έσβοῦς.</em></strong></span> 
     </span>
     <span class='ocr_line' id='line_1_14' title="bbox 436 2355 1660 2453; baseline 0 -19"><span class='ocrx_word' id='word_1_114' title='bbox 436 2371 596 2453; x_wconf 88' lang='grc' dir='ltr'><strong><em>Δωθαείμ</em></strong></span> <span class='ocrx_word' id='word_1_115' title='bbox 610 2369 691 2451; x_wconf 79' lang='lat' dir='ltr'>(Gen</span> <span class='ocrx_word' id='word_1_116' title='bbox 706 2373 755 2448; x_wconf 82' lang='lat'><strong><em>37,</em></strong></span> <span class='ocrx_word' id='word_1_117' title='bbox 781 2371 839 2450; x_wconf 84' lang='grc'><strong><em>11).</em></strong></span> <span class='ocrx_word' id='word_1_118' title='bbox 882 2367 968 2436; x_wconf 81' lang='grc' dir='ltr'><strong><em>ἔνθα</em></strong></span> <span class='ocrx_word' id='word_1_119' title='bbox 997 2355 1227 2452; x_wconf 80' lang='grc' dir='ltr'><strong><em>εὗρενἸωσῆω</em></strong></span> <span class='ocrx_word' id='word_1_120' title='bbox 1250 2361 1331 2444; x_wconf 85' lang='grc' dir='ltr'><strong><em>τούς</em></strong></span> <span class='ocrx_word' id='word_1_121' title='bbox 1353 2358 1520 2449; x_wconf 70' lang='grc' dir='ltr'><strong><em>ἀδελφοὺς</em></strong></span> <span class='ocrx_word' id='word_1_122' title='bbox 1544 2369 1660 2451; x_wconf 85' lang='grc' dir='ltr'><strong><em>νέμον-</em></strong></span> 
     </span>
     <span class='ocr_line' id='line_1_15' title="bbox 353 2458 1660 2553; baseline -0.002 -19"><span class='ocrx_word' id='word_1_123' title='bbox 353 2491 423 2545; x_wconf 88' lang='grc' dir='ltr'><strong><em>τας.</em></strong></span> <span class='ocrx_word' id='word_1_124' title='bbox 467 2468 613 2553; x_wconf 83' lang='grc' dir='ltr'><strong><em>διαμένει</em></strong></span> <span class='ocrx_word' id='word_1_125' title='bbox 642 2467 680 2534; x_wconf 84' lang='grc' dir='ltr'><strong><em>ἐν</em></strong></span> <span class='ocrx_word' id='word_1_126' title='bbox 702 2458 809 2553; x_wconf 85' lang='grc' dir='ltr'><strong><em>όρίοις</em></strong></span> <span class='ocrx_word' id='word_1_127' title='bbox 829 2469 1017 2552; x_wconf 83' lang='grc' dir='ltr'><strong><em>Σεβαστῆς,</em></strong></span> <span class='ocrx_word' id='word_1_128' title='bbox 1049 2458 1163 2551; x_wconf 78' lang='grc' dir='ltr'><strong><em>ἀπέχει</em></strong></span> <span class='ocrx_word' id='word_1_129' title='bbox 1185 2467 1221 2533; x_wconf 78' lang='grc' dir='ltr'><strong><em>δὲ</em></strong></span> <span class='ocrx_word' id='word_1_130' title='bbox 1242 2459 1347 2552; x_wconf 75' lang='grc' dir='ltr'><strong><em>αὐτῆς</em></strong></span> <span class='ocrx_word' id='word_1_131' title='bbox 1368 2467 1516 2550; x_wconf 89' lang='grc' dir='ltr'><strong><em>σημείοις</em></strong></span> <span class='ocrx_word' id='word_1_132' title='bbox 1538 2465 1582 2549; x_wconf 82' lang='grc' dir='ltr'><strong><em>ιβ’</em></strong></span> <span class='ocrx_word' id='word_1_133' title='bbox 1604 2467 1660 2534; x_wconf 76' lang='grc' dir='ltr'><strong><em>ἐπὶ</em></strong></span> 
     </span>
     <span class='ocr_line' id='line_1_16' title="bbox 304 2560 643 2655; baseline -0.003 -22"><span class='ocrx_word' id='word_1_134' title='bbox 304 2579 336 2633; x_wconf 83' lang='lat'><strong><em>15</em></strong></span> <span class='ocrx_word' id='word_1_135' title='bbox 353 2563 396 2634; x_wconf 80' lang='grc' dir='ltr'><strong><em>τὰ</em></strong></span> <span class='ocrx_word' id='word_1_136' title='bbox 417 2560 532 2649; x_wconf 81' lang='grc' dir='ltr'><strong><em>βόρεια</em></strong></span> <span class='ocrx_word' id='word_1_137' title='bbox 552 2570 643 2655; x_wconf 86' lang='grc' dir='ltr'><strong><em>μέρη.</em></strong></span> 
     </span>
    </p>
   </div>
   <div class='ocr_carea' id='block_1_7' title="bbox 733 2745 1276 2839">
    <p class='ocr_par' dir='ltr' id='par_1_7' title="bbox 733 2745 1276 2839">
     <span class='ocr_line' id='line_1_17' title="bbox 733 2745 1276 2839; baseline -0.007 -19"><span class='ocrx_word' id='word_1_138' title='bbox 733 2745 905 2839; x_wconf 75' lang='grc' dir='ltr'><strong><em>Ἀριθμῶν</em></strong></span> <span class='ocrx_word' id='word_1_139' title='bbox 925 2757 982 2820; x_wconf 87' lang='grc' dir='ltr'><strong><em>καλ</em></strong></span> <span class='ocrx_word' id='word_1_140' title='bbox 1004 2755 1276 2836; x_wconf 85' lang='grc' dir='ltr'><strong><em>Δευτερονομίου.</em></strong></span> 
     </span>
    </p>
   </div>
   <div class='ocr_carea' id='block_1_8' title="bbox 299 2894 1660 3590">
    <p class='ocr_par' dir='ltr' id='par_1_8' title="bbox 350 2894 1659 3189">
     <span class='ocr_line' id='line_1_18' title="bbox 435 2894 1659 2988; baseline -0.001 -17"><span class='ocrx_word' id='word_1_141' title='bbox 435 2901 569 2986; x_wconf 85' lang='grc' dir='ltr'><strong><em>Δαιβοόν</em></strong></span> <span class='ocrx_word' id='word_1_142' title='bbox 590 2903 689 2986; x_wconf 86' lang='lat' dir='ltr'><strong>(Num</strong></span> <span class='ocrx_word' id='word_1_143' title='bbox 711 2910 761 2984; x_wconf 82' lang='lat'><strong><em>21,</em></strong></span> <span class='ocrx_word' id='word_1_144' title='bbox 783 2905 852 2974; x_wconf 84' lang='lat' dir='ltr'><strong>26f.</strong></span> <span class='ocrx_word' id='word_1_145' title='bbox 875 2906 927 2985; x_wconf 88' lang='grc'><strong><em>30)</em></strong></span> <span class='ocrx_word' id='word_1_146' title='bbox 957 2895 979 2988; x_wconf 79' lang='grc' dir='ltr'><em>ἢ</em></span> <span class='ocrx_word' id='word_1_147' title='bbox 1011 2906 1130 2986; x_wconf 83' lang='grc' dir='ltr'><strong><em>Λίβων.</em></strong></span> <span class='ocrx_word' id='word_1_148' title='bbox 1173 2902 1228 2970; x_wconf 84' lang='grc' dir='ltr'><strong><em>ίπί</em></strong></span> <span class='ocrx_word' id='word_1_149' title='bbox 1261 2903 1323 2987; x_wconf 89' lang='grc' dir='ltr'><strong><em>τῆς</em></strong></span> <span class='ocrx_word' id='word_1_150' title='bbox 1353 2894 1477 2987; x_wconf 83' lang='grc' dir='ltr'><strong><em>ίρῆμου</em></strong></span> <span class='ocrx_word' id='word_1_151' title='bbox 1506 2896 1659 2987; x_wconf 87' lang='grc' dir='ltr'><strong><em>σταθμός</em></strong></span> 
     </span>
     <span class='ocr_line' id='line_1_19' title="bbox 351 2996 1659 3088; baseline 0.002 -21"><span class='ocrx_word' id='word_1_152' title='bbox 351 3007 425 3071; x_wconf 81' lang='grc' dir='ltr'><strong><em>τῶν</em></strong></span> <span class='ocrx_word' id='word_1_153' title='bbox 454 3004 541 3070; x_wconf 82' lang='grc' dir='ltr'><strong><em>υλῶν</em></strong></span> <span class='ocrx_word' id='word_1_154' title='bbox 560 2996 693 3088; x_wconf 82' lang='grc' dir='ltr'><strong><em>Ἰσραήλ</em></strong></span> <span class='ocrx_word' id='word_1_155' title='bbox 737 3003 807 3070; x_wconf 84' lang='grc' dir='ltr'><strong><em>ἔστι</em></strong></span> <span class='ocrx_word' id='word_1_156' title='bbox 837 3005 873 3070; x_wconf 79' lang='grc' dir='ltr'><strong><em>δὲ</em></strong></span> <span class='ocrx_word' id='word_1_157' title='bbox 903 3007 959 3071; x_wconf 86' lang='grc' dir='ltr'><strong><em>καὶ</em></strong></span> <span class='ocrx_word' id='word_1_158' title='bbox 989 2997 1075 3088; x_wconf 81' lang='grc' dir='ltr'><strong><em>ἄλλη</em></strong></span> <span class='ocrx_word' id='word_1_159' title='bbox 1101 3000 1148 3081; x_wconf 87' lang='grc' dir='ltr'><strong><em>είς</em></strong></span> <span class='ocrx_word' id='word_1_160' title='bbox 1170 3001 1220 3069; x_wconf 85' lang='grc' dir='ltr'><strong><em>ἔτι</em></strong></span> <span class='ocrx_word' id='word_1_161' title='bbox 1242 3003 1305 3070; x_wconf 84' lang='grc' dir='ltr'><strong><em>νῦν</em></strong></span> <span class='ocrx_word' id='word_1_162' title='bbox 1326 2997 1424 3088; x_wconf 87' lang='grc' dir='ltr'><strong><em>κιόμη</em></strong></span> <span class='ocrx_word' id='word_1_163' title='bbox 1443 3005 1659 3087; x_wconf 80' lang='grc' dir='ltr'><strong><em>παμμεγέθης</em></strong></span> 
     </span>
     <span class='ocr_line' id='line_1_20' title="bbox 350 3090 1659 3189; baseline -0.001 -19"><span class='ocrx_word' id='word_1_164' title='bbox 350 3098 442 3188; x_wconf 83' lang='grc' dir='ltr'><strong><em>παρὰ</em></strong></span> <span class='ocrx_word' id='word_1_165' title='bbox 464 3099 528 3172; x_wconf 89' lang='grc' dir='ltr'><strong><em>τὸν</em></strong></span> <span class='ocrx_word' id='word_1_166' title='bbox 542 3096 723 3188; x_wconf 77' lang='grc' dir='ltr'><strong><em>Ἂρνωνᾶν,</em></strong></span> <span class='ocrx_word' id='word_1_167' title='bbox 747 3099 789 3189; x_wconf 85' lang='grc' dir='ltr'><strong><em>ῆν</em></strong></span> <span class='ocrx_word' id='word_1_168' title='bbox 811 3097 852 3170; x_wconf 88' lang='grc' dir='ltr'><strong><em>τό</em></strong></span> <span class='ocrx_word' id='word_1_169' title='bbox 874 3097 1023 3171; x_wconf 88' lang='grc' dir='ltr'><strong><em>παλαιόν</em></strong></span> <span class='ocrx_word' id='word_1_170' title='bbox 1046 3090 1150 3171; x_wconf 84' lang='grc' dir='ltr'><strong><em>οὖσαν</em></strong></span> <span class='ocrx_word' id='word_1_171' title='bbox 1171 3104 1246 3169; x_wconf 80' lang='grc' dir='ltr'><strong><em>τῶν</em></strong></span> <span class='ocrx_word' id='word_1_172' title='bbox 1267 3101 1352 3170; x_wconf 80' lang='grc' dir='ltr'><strong><em>υίῶν</em></strong></span> <span class='ocrx_word' id='word_1_173' title='bbox 1368 3095 1480 3182; x_wconf 84' lang='grc' dir='ltr'><strong><em>Μωὰβ</em></strong></span> <span class='ocrx_word' id='word_1_174' title='bbox 1498 3104 1553 3166; x_wconf 81' lang='grc' dir='ltr'><strong><em>καί</em></strong></span> <span class='ocrx_word' id='word_1_175' title='bbox 1574 3097 1659 3188; x_wconf 78' lang='grc' dir='ltr'><strong><em>μετὰ</em></strong></span> 
     </span>
    </p>

    <p class='ocr_par' dir='ltr' id='par_1_9' title="bbox 299 3193 1660 3488">
     <span class='ocr_line' id='line_1_21' title="bbox 299 3193 1658 3289; baseline -0.001 -17"><span class='ocrx_word' id='word_1_176' title='bbox 299 3214 333 3272; x_wconf 84' lang='grc'><strong><em>20</em></strong></span> <span class='ocrx_word' id='word_1_177' title='bbox 351 3205 460 3270; x_wconf 83' lang='grc' dir='ltr'><strong><em>ταῦτα</em></strong></span> <span class='ocrx_word' id='word_1_178' title='bbox 481 3201 589 3288; x_wconf 83' lang='grc' dir='ltr'><strong><em>Σηών</em></strong></span> <span class='ocrx_word' id='word_1_179' title='bbox 610 3205 674 3270; x_wconf 83' lang='grc' dir='ltr'><strong><em>τοῦ</em></strong></span> <span class='ocrx_word' id='word_1_180' title='bbox 693 3196 892 3289; x_wconf 74' lang='grc' dir='ltr'><strong><em>Ἀμορραίου</em></strong></span> <span class='ocrx_word' id='word_1_181' title='bbox 914 3201 947 3270; x_wconf 89' lang='grc' dir='ltr'><strong><em>οί</em></strong></span> <span class='ocrx_word' id='word_1_182' title='bbox 968 3202 1035 3271; x_wconf 77' lang='grc' dir='ltr'><strong><em>υἱοὶ</em></strong></span> <span class='ocrx_word' id='word_1_183' title='bbox 1056 3196 1183 3288; x_wconf 75' lang='grc' dir='ltr'><strong><em>Ἰσραῆλ</em></strong></span> <span class='ocrx_word' id='word_1_184' title='bbox 1205 3193 1422 3286; x_wconf 82' lang='grc' dir='ltr'><strong><em>όπέλ&lt;αβον&gt;,</em></strong></span> <span class='ocrx_word' id='word_1_185' title='bbox 1455 3203 1510 3267; x_wconf 83' lang='grc' dir='ltr'><strong><em>καὶ</em></strong></span> <span class='ocrx_word' id='word_1_186' title='bbox 1541 3204 1658 3288; x_wconf 70' lang='grc' dir='ltr'><strong><em>γέγονε</em></strong></span> 
     </span>
     <span class='ocr_line' id='line_1_22' title="bbox 351 3291 1660 3390; baseline 0 -22"><span class='ocrx_word' id='word_1_187' title='bbox 351 3303 461 3387; x_wconf 84' lang='grc' dir='ltr'><strong><em>φυλῆς</em></strong></span> <span class='ocrx_word' id='word_1_188' title='bbox 492 3295 571 3370; x_wconf 67' lang='lat' dir='ltr'><strong><em>nid.</em></strong></span> <span class='ocrx_word' id='word_1_189' title='bbox 616 3305 782 3390; x_wconf 87' lang='grc' dir='ltr'><strong><em>μέμνηται</em></strong></span> <span class='ocrx_word' id='word_1_190' title='bbox 812 3304 849 3370; x_wconf 79' lang='grc' dir='ltr'><strong><em>δὲ</em></strong></span> <span class='ocrx_word' id='word_1_191' title='bbox 881 3295 986 3389; x_wconf 74' lang='grc' dir='ltr'><strong><em>αὐτῆς</em></strong></span> <span class='ocrx_word' id='word_1_192' title='bbox 1014 3294 1144 3380; x_wconf 80' lang='grc' dir='ltr'><strong><em>Ἠσαίας</em></strong></span> <span class='ocrx_word' id='word_1_193' title='bbox 1174 3303 1212 3370; x_wconf 84' lang='grc' dir='ltr'><strong><em>έν</em></strong></span> <span class='ocrx_word' id='word_1_194' title='bbox 1243 3291 1356 3387; x_wconf 80' lang='grc' dir='ltr'><strong><em>όρᾶσει</em></strong></span> <span class='ocrx_word' id='word_1_195' title='bbox 1386 3304 1429 3386; x_wconf 88' lang='grc' dir='ltr'><strong><em>τῆ</em></strong></span> <span class='ocrx_word' id='word_1_196' title='bbox 1462 3296 1567 3369; x_wconf 78' lang='grc' dir='ltr'><strong><em>»κατὰ</em></strong></span> <span class='ocrx_word' id='word_1_197' title='bbox 1598 3303 1660 3388; x_wconf 88' lang='grc' dir='ltr'><strong><em>τῆς</em></strong></span> 
     </span>
     <span class='ocr_line' id='line_1_23' title="bbox 351 3395 856 3488; baseline 0.01 -23"><span class='ocrx_word' id='word_1_198' title='bbox 351 3402 598 3482; x_wconf 79' lang='grc' dir='ltr'><strong><em>Μωαβίτιδοςι,</em></strong></span> <span class='ocrx_word' id='word_1_199' title='bbox 618 3405 673 3469; x_wconf 86' lang='grc' dir='ltr'><strong><em>καὶ</em></strong></span> <span class='ocrx_word' id='word_1_200' title='bbox 694 3395 856 3488; x_wconf 81' lang='grc' dir='ltr'><strong><em>Ἱερεμίας.</em></strong></span> 
     </span>
    </p>

    <p class='ocr_par' dir='ltr' id='par_1_10' title="bbox 431 3495 1368 3590">
     <span class='ocr_line' id='line_1_24' title="bbox 431 3495 1368 3590; baseline 0.001 -23"><span class='ocrx_word' id='word_1_201' title='bbox 431 3495 632 3587; x_wconf 77' lang='grc' dir='ltr'><strong><em>Δαιβωνγόδ</em></strong></span> <span class='ocrx_word' id='word_1_202' title='bbox 653 3501 753 3584; x_wconf 84' lang='grc' dir='ltr'><strong><em>(Ναω</em></strong></span> <span class='ocrx_word' id='word_1_203' title='bbox 775 3509 823 3584; x_wconf 87' lang='lat'><strong><em>33,</em></strong></span> <span class='ocrx_word' id='word_1_204' title='bbox 848 3507 909 3586; x_wconf 82' lang='lat'><strong>45).</strong></span> <span class='ocrx_word' id='word_1_205' title='bbox 953 3497 1105 3589; x_wconf 87' lang='grc' dir='ltr'><strong><em>σταθμός</em></strong></span> <span class='ocrx_word' id='word_1_206' title='bbox 1125 3503 1212 3571; x_wconf 82' lang='grc' dir='ltr'><strong><em>υίιόν</em></strong></span> <span class='ocrx_word' id='word_1_207' title='bbox 1232 3495 1368 3590; x_wconf 78' lang='grc' dir='ltr'><strong><em>Ἰσραῆλ.</em></strong></span> 
     </span>
    </p>
   </div>
   <div class='ocr_carea' id='block_1_9' title="bbox 345 3798 1658 4270">
    <p class='ocr_par' dir='ltr' id='par_1_11' title="bbox 345 3798 1658 4270">
     <span class='ocr_line' id='line_1_25' title="bbox 433 3798 1658 3872; baseline 0.005 -20"><span class='ocrx_word' id='word_1_208' title='bbox 433 3798 569 3854; x_wconf 70' lang='grc' dir='ltr'><strong><em>εοεαε.</em></strong></span> <span class='ocrx_word' id='word_1_209' title='bbox 578 3799 650 3853; x_wconf 76' lang='lat' dir='ltr'>Med.</span> <span class='ocrx_word' id='word_1_210' title='bbox 661 3799 885 3868; x_wconf 60' lang='lat' dir='ltr'><strong><em>veniam</em></strong></span> <span class='ocrx_word' id='word_1_211' title='bbox 898 3799 1496 3870; x_wconf 68' lang='lat' dir='ltr'><strong><em>m&lt;M31&gt;fflKA1&lt;wPffl&gt;1vooz</em></strong></span> <span class='ocrx_word' id='word_1_212' title='bbox 1528 3802 1658 3872; x_wconf 63' lang='grc' dir='ltr'><strong><em>οπερ.</em></strong></span> 
     </span>
     <span class='ocr_line' id='line_1_26' title="bbox 346 3895 1657 3974; baseline 0.004 -21"><span class='ocrx_word' id='word_1_213' title='bbox 346 3917 372 3953; x_wconf 89' lang='lat' dir='ltr'><strong><em>u.</em></strong></span> <span class='ocrx_word' id='word_1_214' title='bbox 390 3900 493 3968; x_wconf 85' lang='grc' dir='ltr'><strong><em>Δεῖσα;</em></strong></span> <span class='ocrx_word' id='word_1_215' title='bbox 519 3900 633 3972; x_wconf 78' lang='grc' dir='ltr'><strong><em>Ρεοοορ.</em></strong></span> <span class='ocrx_word' id='word_1_216' title='bbox 650 3903 701 3958; x_wconf 88' lang='lat'><strong><em>333</em></strong></span> <span class='ocrx_word' id='word_1_217' title='bbox 719 3905 756 3956; x_wconf 80' lang='lat' dir='ltr'><strong><em>A:</em></strong></span> <span class='ocrx_word' id='word_1_218' title='bbox 784 3895 858 3956; x_wconf 71' lang='grc' dir='ltr'><strong><em>οὕτω</em></strong></span> <span class='ocrx_word' id='word_1_219' title='bbox 880 3905 929 3958; x_wconf 87' lang='grc' dir='ltr'><strong><em>καί</em></strong></span> <span class='ocrx_word' id='word_1_220' title='bbox 951 3911 1001 3959; x_wconf 85' lang='grc' dir='ltr'><strong><em>νῦν</em></strong></span> <span class='ocrx_word' id='word_1_221' title='bbox 1018 3901 1077 3960; x_wconf 79' lang='grc' dir='ltr'><strong><em>ἐστι</em></strong></span> <span class='ocrx_word' id='word_1_222' title='bbox 1094 3900 1178 3974; x_wconf 81' lang='grc' dir='ltr'><strong><em>κώμη</em></strong></span> <span class='ocrx_word' id='word_1_223' title='bbox 1195 3902 1255 3960; x_wconf 85' lang='grc' dir='ltr'><strong><em>Δάν</em></strong></span> <span class='ocrx_word' id='word_1_224' title='bbox 1273 3906 1316 3972; x_wconf 90' lang='grc'><strong><em>(&lt;</em></strong></span> <span class='ocrx_word' id='word_1_225' title='bbox 1332 3904 1402 3974; x_wconf 61' lang='lat' dir='ltr'>Lat)</span> <span class='ocrx_word' id='word_1_226' title='bbox 1419 3900 1581 3972; x_wconf 85' lang='grc' dir='ltr'><strong><em>καλουμένη</em></strong></span> <span class='ocrx_word' id='word_1_227' title='bbox 1599 3900 1657 3960; x_wconf 82' lang='grc' dir='ltr'><strong><em>ἀπὸ</em></strong></span> 
     </span>
     <span class='ocr_line' id='line_1_27' title="bbox 347 3995 1657 4077; baseline 0.004 -22"><span class='ocrx_word' id='word_1_228' title='bbox 347 4002 471 4070; x_wconf 87' lang='grc' dir='ltr'><strong><em>σημείων</em></strong></span> <span class='ocrx_word' id='word_1_229' title='bbox 488 3995 525 4056; x_wconf 79' lang='grc' dir='ltr'><strong><em>ιδ’</em></strong></span> <span class='ocrx_word' id='word_1_230' title='bbox 540 4000 688 4068; x_wconf 83' lang='grc' dir='ltr'><strong><em>Πανεάιίος</em></strong></span> <span class='ocrx_word' id='word_1_231' title='bbox 704 4001 778 4058; x_wconf 82' lang='grc' dir='ltr'><strong><em>κατὰ</em></strong></span> <span class='ocrx_word' id='word_1_232' title='bbox 794 4005 846 4072; x_wconf 81' lang='grc' dir='ltr'><strong><em>τὴν</em></strong></span> <span class='ocrx_word' id='word_1_233' title='bbox 863 4001 910 4059; x_wconf 81' lang='grc' dir='ltr'><strong><em>ἐπί</em></strong></span> <span class='ocrx_word' id='word_1_234' title='bbox 927 4005 1018 4076; x_wconf 84' lang='grc' dir='ltr'><strong><em>Τι’·ρον</em></strong></span> <span class='ocrx_word' id='word_1_235' title='bbox 1036 4001 1111 4070; x_wconf 79' lang='grc' dir='ltr'><strong><em>ὁδόν,</em></strong></span> <span class='ocrx_word' id='word_1_236' title='bbox 1129 4003 1188 4076; x_wconf 80' lang='grc' dir='ltr'><strong><em>ῆτις</em></strong></span> <span class='ocrx_word' id='word_1_237' title='bbox 1205 4006 1255 4061; x_wconf 83' lang='grc' dir='ltr'><strong><em>καί</em></strong></span> <span class='ocrx_word' id='word_1_238' title='bbox 1272 3999 1353 4077; x_wconf 78' lang='grc' dir='ltr'><strong><em>ὅριον</em></strong></span> <span class='ocrx_word' id='word_1_239' title='bbox 1364 4011 1414 4074; x_wconf 84' lang='grc' dir='ltr'><strong><em>τῆς</em></strong></span> <span class='ocrx_word' id='word_1_240' title='bbox 1424 3999 1560 4070; x_wconf 72' lang='grc' dir='ltr'><strong><em>’λοιβαίας</em></strong></span> <span class='ocrx_word' id='word_1_241' title='bbox 1571 4000 1657 4076; x_wconf 72' lang='grc' dir='ltr'><strong><em>ὑπῆρ-</em></strong></span> 
     </span>
     <span class='ocr_line' id='line_1_28' title="bbox 345 4096 1657 4176; baseline 0.002 -18"><span class='ocrx_word' id='word_1_242' title='bbox 345 4121 403 4171; x_wconf 85' lang='grc' dir='ltr'><strong><em>χεν,</em></strong></span> <span class='ocrx_word' id='word_1_243' title='bbox 422 4096 506 4159; x_wconf 81' lang='grc' dir='ltr'><strong><em>ἔνθεν</em></strong></span> <span class='ocrx_word' id='word_1_244' title='bbox 523 4105 572 4158; x_wconf 83' lang='grc' dir='ltr'><strong><em>καὶ</em></strong></span> <span class='ocrx_word' id='word_1_245' title='bbox 590 4100 606 4158; x_wconf 82' lang='grc' dir='ltr'>ὁ</span> <span class='ocrx_word' id='word_1_246' title='bbox 623 4097 764 4176; x_wconf 82' lang='grc' dir='ltr'><strong><em>Ἰορίοίνης</em></strong></span> <span class='ocrx_word' id='word_1_247' title='bbox 781 4098 883 4171; x_wconf 80' lang='grc' dir='ltr'><strong><em>ἔξεισιν</em></strong></span> <span class='ocrx_word' id='word_1_248' title='bbox 980 4107 1053 4163; x_wconf 74' lang='grc'><strong><em>201.</em></strong></span> <span class='ocrx_word' id='word_1_249' title='bbox 1076 4107 1124 4162; x_wconf 86' lang='lat' dir='ltr'><strong><em>Jos</em></strong></span> <span class='ocrx_word' id='word_1_250' title='bbox 1141 4109 1182 4171; x_wconf 88' lang='grc'><strong><em>13,</em></strong></span> <span class='ocrx_word' id='word_1_251' title='bbox 1200 4107 1240 4163; x_wconf 87' lang='grc'><strong><em>26.</em></strong></span> <span class='ocrx_word' id='word_1_252' title='bbox 1260 4109 1292 4161; x_wconf 83' lang='grc'><strong><em>17</em></strong></span> <span class='ocrx_word' id='word_1_253' title='bbox 1302 4107 1337 4175; x_wconf 81' lang='grc'><strong><em>(2)</em></strong></span> <span class='ocrx_word' id='word_1_254' title='bbox 1424 4107 1462 4162; x_wconf 87' lang='grc'><strong><em>21</em></strong></span> <span class='ocrx_word' id='word_1_255' title='bbox 1474 4105 1500 4164; x_wconf 76' lang='lat' dir='ltr'><strong><em>f.</em></strong></span> <span class='ocrx_word' id='word_1_256' title='bbox 1518 4105 1564 4160; x_wconf 84' lang='lat' dir='ltr'><strong><em>Jes</em></strong></span> <span class='ocrx_word' id='word_1_257' title='bbox 1583 4109 1623 4170; x_wconf 81' lang='lat'><strong><em>15,</em></strong></span> <span class='ocrx_word' id='word_1_258' title='bbox 1641 4107 1657 4161; x_wconf 90' lang='grc'>2</span> 
     </span>
     <span class='ocr_line' id='line_1_29' title="bbox 347 4204 622 4270; baseline -0.004 -11"><span class='ocrx_word' id='word_1_259' title='bbox 347 4205 386 4260; x_wconf 90' lang='grc'><strong><em>22</em></strong></span> <span class='ocrx_word' id='word_1_260' title='bbox 406 4204 453 4259; x_wconf 83' lang='lat' dir='ltr'><strong><em>Jer</em></strong></span> <span class='ocrx_word' id='word_1_261' title='bbox 469 4207 510 4270; x_wconf 83' lang='grc'><strong><em>48,</em></strong></span> <span class='ocrx_word' id='word_1_262' title='bbox 529 4205 570 4260; x_wconf 88' lang='grc'><strong><em>18.</em></strong></span> <span class='ocrx_word' id='word_1_263' title='bbox 589 4205 622 4258; x_wconf 88' lang='grc'><strong><em>22</em></strong></span> 
     </span>
    </p>
   </div>
   <div class='ocr_carea' id='block_1_10' title="bbox 345 4367 1657 4749">
    <p class='ocr_par' dir='ltr' id='par_1_12' title="bbox 345 4367 1657 4749">
     <span class='ocr_line' id='line_1_30' title="bbox 432 4367 1657 4447; baseline 0.001 -20"><span class='ocrx_word' id='word_1_264' title='bbox 432 4373 446 4427; x_wconf 81' lang='grc'><strong>7</strong></span> <span class='ocrx_word' id='word_1_265' title='bbox 468 4367 559 4444; x_wconf 83' lang='grc' dir='ltr'><strong><em>ίίριον]</em></strong></span> <span class='ocrx_word' id='word_1_266' title='bbox 579 4381 611 4438; x_wconf 77' lang='grc' dir='ltr'><strong><em>-Ι-</em></strong></span> <span class='ocrx_word' id='word_1_267' title='bbox 628 4373 744 4447; x_wconf 87' lang='grc' dir='ltr'><strong><em>βόρειον</em></strong></span> <span class='ocrx_word' id='word_1_268' title='bbox 761 4373 833 4429; x_wconf 76' lang='lat' dir='ltr'><strong>nach</strong></span> <span class='ocrx_word' id='word_1_269' title='bbox 851 4373 896 4429; x_wconf 79' lang='lat' dir='ltr'><strong><em>fl?</em></strong></span> <span class='ocrx_word' id='word_1_270' title='bbox 945 4376 1022 4445; x_wconf 74' lang='grc' dir='ltr'><strong><em>Ιτΐις)</em></strong></span> <span class='ocrx_word' id='word_1_271' title='bbox 1040 4375 1059 4429; x_wconf 86' lang='grc'><strong><em>1.</em></strong></span> <span class='ocrx_word' id='word_1_272' title='bbox 1078 4376 1149 4447; x_wconf 67' lang='grc' dir='ltr'><strong><em>γῆς’.)</em></strong></span> <span class='ocrx_word' id='word_1_273' title='bbox 1205 4376 1224 4433; x_wconf 79' lang='grc' dir='ltr'>Β</span> <span class='ocrx_word' id='word_1_274' title='bbox 1242 4370 1326 4432; x_wconf 80' lang='grc' dir='ltr'><strong><em>ἔνθεν</em></strong></span> <span class='ocrx_word' id='word_1_275' title='bbox 1344 4377 1416 4431; x_wconf 73' lang='lat' dir='ltr'><strong>nach</strong></span> <span class='ocrx_word' id='word_1_276' title='bbox 1433 4375 1481 4431; x_wconf 85' lang='grc' dir='ltr'><strong><em>ΗΡ</em></strong></span> <span class='ocrx_word' id='word_1_277' title='bbox 1499 4372 1613 4432; x_wconf 76' lang='grc' dir='ltr'><strong><em>ἐνθένθε</em></strong></span> <span class='ocrx_word' id='word_1_278' title='bbox 1632 4375 1657 4428; x_wconf 88' lang='lat' dir='ltr'>V</span> 
     </span>
     <span class='ocr_line' id='line_1_31' title="bbox 347 4468 1656 4550; baseline 0.004 -23"><span class='ocrx_word' id='word_1_279' title='bbox 347 4474 384 4528; x_wconf 96' lang='grc'><strong><em>11</em></strong></span> <span class='ocrx_word' id='word_1_280' title='bbox 403 4468 591 4546; x_wconf 81' lang='grc' dir='ltr'><strong><em>Ἄρεοπόλεως</em></strong></span> <span class='ocrx_word' id='word_1_281' title='bbox 616 4506 649 4514; x_wconf 96' lang='grc'>-</span> <span class='ocrx_word' id='word_1_282' title='bbox 676 4477 799 4545; x_wconf 86' lang='grc' dir='ltr'><strong><em>σημείων</em></strong></span> <span class='ocrx_word' id='word_1_283' title='bbox 830 4475 882 4531; x_wconf 81' lang='lat' dir='ltr'><strong><em>mit</em></strong></span> <span class='ocrx_word' id='word_1_284' title='bbox 908 4475 1029 4531; x_wconf 73' lang='lat' dir='ltr'><strong>Vallami</strong></span> <span class='ocrx_word' id='word_1_285' title='bbox 1054 4479 1126 4532; x_wconf 73' lang='lat' dir='ltr'><strong>nach</strong></span> <span class='ocrx_word' id='word_1_286' title='bbox 1142 4477 1169 4532; x_wconf 90' lang='lat' dir='ltr'><strong>H</strong></span> <span class='ocrx_word' id='word_1_287' title='bbox 1267 4472 1401 4550; x_wconf 79' lang='grc' dir='ltr'><strong><em>ΙἜσβοῦς</em></strong></span> <span class='ocrx_word' id='word_1_288' title='bbox 1426 4477 1491 4532; x_wconf 80' lang='lat' dir='ltr'>Bort</span> <span class='ocrx_word' id='word_1_289' title='bbox 1519 4474 1656 4550; x_wconf 64' lang='grc' dir='ltr'><strong><em>ίεβοῦςί</em></strong></span> 
     </span>
     <span class='ocr_line' id='line_1_32' title="bbox 348 4573 1653 4650; baseline 0.003 -20"><span class='ocrx_word' id='word_1_290' title='bbox 348 4576 382 4630; x_wconf 81' lang='grc'><strong><em>17</em></strong></span> <span class='ocrx_word' id='word_1_291' title='bbox 404 4573 508 4647; x_wconf 85' lang='grc' dir='ltr'><strong><em>Λαβὼν</em></strong></span> <span class='ocrx_word' id='word_1_292' title='bbox 525 4575 586 4645; x_wconf 48' lang='lat' dir='ltr'><strong><em>&amp;V</em></strong></span> <span class='ocrx_word' id='word_1_293' title='bbox 638 4577 679 4632; x_wconf 77' lang='lat'><strong><em>20</em></strong></span> <span class='ocrx_word' id='word_1_294' title='bbox 696 4573 769 4634; x_wconf 85' lang='grc' dir='ltr'><strong><em>ἀπελ</em></strong></span> <span class='ocrx_word' id='word_1_295' title='bbox 787 4585 819 4642; x_wconf 72' lang='grc'><strong><em>-1-</em></strong></span> <span class='ocrx_word' id='word_1_296' title='bbox 837 4577 925 4632; x_wconf 78' lang='grc' dir='ltr'><strong><em>Βειιω</em></strong></span> <span class='ocrx_word' id='word_1_297' title='bbox 942 4578 987 4632; x_wconf 82' lang='lat' dir='ltr'><strong><em>fflr</em></strong></span> <span class='ocrx_word' id='word_1_298' title='bbox 1003 4581 1020 4634; x_wconf 80' lang='lat'>4</span> <span class='ocrx_word' id='word_1_299' title='bbox 1037 4579 1131 4634; x_wconf 68' lang='grc' dir='ltr'><strong><em>ΒΗ</em></strong></span> <span class='ocrx_word' id='word_1_300' title='bbox 1193 4577 1396 4649; x_wconf 73' lang='grc' dir='ltr'><strong><em>21αίτῆςΗ-</em></strong></span> <span class='ocrx_word' id='word_1_301' title='bbox 1413 4580 1462 4634; x_wconf 86' lang='grc' dir='ltr'><strong><em>καλ</em></strong></span> <span class='ocrx_word' id='word_1_302' title='bbox 1479 4580 1551 4634; x_wconf 76' lang='lat' dir='ltr'><strong>nach</strong></span> <span class='ocrx_word' id='word_1_303' title='bbox 1568 4579 1614 4634; x_wconf 73' lang='lat' dir='ltr'><strong><em>H?</em></strong></span> <span class='ocrx_word' id='word_1_304' title='bbox 1649 4581 1653 4650; x_wconf 76' lang='grc' dir='ltr'>Ι</span> 
     </span>
     <span class='ocr_line' id='line_1_33' title="bbox 345 4675 837 4749; baseline 0.004 -18"><span class='ocrx_word' id='word_1_305' title='bbox 345 4682 394 4745; x_wconf 81' lang='grc' dir='ltr'><strong><em>τῆς</em></strong></span> <span class='ocrx_word' id='word_1_306' title='bbox 411 4675 484 4732; x_wconf 84' lang='grc' dir='ltr'><strong><em>κατὰ</em></strong></span> <span class='ocrx_word' id='word_1_307' title='bbox 502 4678 529 4732; x_wconf 86' lang='lat' dir='ltr'>V</span> <span class='ocrx_word' id='word_1_308' title='bbox 598 4679 637 4734; x_wconf 83' lang='grc'><strong><em>23</em></strong></span> <span class='ocrx_word' id='word_1_309' title='bbox 656 4682 793 4749; x_wconf 83' lang='grc' dir='ltr'><strong><em>σταθμῶν</em></strong></span> <span class='ocrx_word' id='word_1_310' title='bbox 808 4678 837 4733; x_wconf 86' lang='lat' dir='ltr'>V</span> 
     </span>
    </p>
   </div>
   <div class='ocr_carea' id='block_1_11' title="bbox 0 0 1894 5536">
    <p class='ocr_par' dir='ltr' id='par_1_13' title="bbox 0 0 1894 5536">
     <span class='ocr_line' id='line_1_34' title="bbox 0 0 1894 5536; baseline 0 1"><span class='ocrx_word' id='word_1_311' title='bbox 0 0 1894 5536; x_wconf 95' lang='lat' dir='ltr'><strong><em> </em></strong></span> 
     </span>
    </p>
   </div>
  </div>
 </body>
</html>
