3752 5542
771 477 961 546 Hieronymus.
1485 485 1521 544 15

115 646 204 704 ΑΘΗ
296 642 384 708 Arad
416 643 528 709 ciuitas
547 645 791 711 Amorraeorum
821 645 926 711 uicina
957 648 1081 712 deserto
1109 643 1221 723 Codes,
1254 651 1285 711 et
1313 667 1414 730 usque
1439 665 1524 710 nuno

215 743 392 808 ostenditur
412 742 491 808 uilla
513 743 562 808 ab·
576 743 692 828 oppido
713 745 863 810 Malathis
886 749 998 830 quarto
1020 744 1133 830 lapide,
1155 766 1174 809 a
1195 743 1342 810 Ohebron
1363 743 1523 823 uicesimo,

214 841 249 907 in
270 842 355 908 tribu
376 841 481 910 Iudae.

297 942 457 1009 Asemona
478 943 591 1008 ciuitas
611 944 645 1009 in
667 947 797 1024 deserto,
819 948 859 1009 ad
879 945 1043 1010 meridiem
1064 943 1207 1025 Iudaeae,
1230 946 1375 1010 diuidene
1396 946 1524 1028 Aegyp·

180 1046 282 1107 otum
304 1047 335 1107 et
356 1047 474 1108 sortem
495 1045 597 1108 tribus
619 1043 715 1109 Iudae
737 1048 776 1108 ad
799 1065 883 1108 mare
909 1065 1010 1128 usque
1035 1047 1223 1110 tendentem.
1263 1046 1356 1129 posui
1377 1050 1409 1109 et
1430 1065 1525 1127 supra

212 1140 380 1221 Asemona,
402 1147 504 1208 castra
525 1143 664 1208 filiorum
685 1143 791 1210 Israel

298 1242 437 1308 Acrabbi
457 1237 609 1308 terminus
628 1242 761 1308 Iudaeae
783 1242 966 1327 prouinciae
987 1245 1027 1308 ad
1048 1243 1201 1308 orientem
1223 1244 1401 1327 respiciens,
1423 1244 1524 1309 tribus

215 1339 320 1407 Iudae.
363 1346 410 1406 est
430 1346 535 1407 autem
558 1348 590 1408 et
614 1343 704 1408 uicus
725 1365 809 1408 nuno
830 1364 930 1427 usque
962 1343 1090 1426 grandis
1111 1363 1227 1407 nouem
1248 1342 1377 1409 milibus
1399 1367 1419 1407 a
1441 1341 1524 1408 Nea·

215 1440 282 1523 poli
303 1447 411 1506 contre
432 1444 586 1508 orientem
608 1442 868 1508 descendentibus
894 1443 934 1505 ad
956 1440 1121 1506 Iordanem
1147 1445 1179 1506 et
1200 1440 1356 1508 Ierichum
1378 1465 1435 1526 per
1456 1465 1524 1507 eam

164 1547 199 1603 10
216 1562 297 1625 quae
319 1540 497 1625 appellatur
511 1541 732 1607 Acrabbitene.
768 1545 823 1606 sed
846 1545 877 1606 et
898 1540 1069 1606 confinium
1084 1542 1331 1607 Amorraeorum
1351 1541 1524 1609 Acrabbim

217 1641 343 1719 dicitur,
371 1643 409 1706 de
431 1663 495 1724 quo
516 1640 589 1707 loco
611 1663 675 1706 non
698 1641 918 1706 exterminauit
943 1640 1136 1724 alienigenas
1161 1640 1262 1706 tribus
1284 1638 1526 1720 Nostrumne

215 1740 249 1804 in
270 1739 414 1806 lodicum
435 1740 517 1806 libro
540 1741 692 1824 scriptum
714 1746 768 1806 est

293 1837 304 1922 ΙΙ
319 1839 468 1904 Asadada
489 1839 661 1904 confinium
683 1838 817 1904 Iudaeae
839 1839 1008 1923 respiciens
1031 1842 1071 1904 ad
1092 1839 1281 1923 aquilonem.
1541 1848 1575 1904 88

299 1939 387 2003 Arad
416 1939 570 2004 terminus
600 1943 631 2002 et
660 1939 729 2022 ipse
751 1937 884 2004 Iudaeae
911 1939 1031 2004 distans
1052 1962 1071 2004 a
1093 1937 1238 2005 Chebron
1259 1939 1388 2005 milibus
1409 1939 1524 2024 uiginti

167 2047 199 2102 15
216 2040 257 2102 ad
277 2038 449 2116 meridiem,
472 2041 510 2103 de
532 2060 596 2123 quo
616 2059 712 2122 supra
732 2038 871 2122 positum
894 2041 949 2103 est.

299 2140 473 2203 Asarenam
493 2138 645 2202 terminus
666 2137 801 2202 Iudaeae
823 2139 863 2201 ad
884 2139 1138 2220 septentrionem.

297 2238 432 2302 Asernai
453 2237 606 2303 terminus
628 2241 659 2302 et
680 2238 748 2320 ipse
768 2236 915 2301 Iudaeae.
977 2272 980 2278 ·

298 2336 418 2401 Arbela
437 2337 590 2403 terminus
604 2337 740 2401 Iudaeae
762 2338 866 2400 ortum
888 2336 964 2402 solis
987 2337 1173 2420 adspiciens.
1208 2343 1256 2402 est
1270 2341 1303 2402 et
1316 2358 1416 2421 usque
1430 2336 1525 2401 hodie

216 2434 305 2500 uicus
329 2435 427 2501 Arbel
456 2440 542 2500 trans
563 2435 729 2501 Iordanem
759 2437 793 2500 in
822 2435 938 2502 finibus
960 2436 1067 2501 Pellae
1094 2437 1232 2502 ciuitatis
1254 2435 1463 2514 Palaestinae,
1494 2440 1527 2500 et·

165 2542 200 2598 20
217 2533 297 2599 alius
318 2535 379 2600 hoc
400 2535 555 2602 uocabulo
577 2536 611 2611 in
632 2556 743 2619 campo
765 2535 942 2620 pergrandi,
964 2536 1083 2602 dauns
1105 2539 1144 2602 ab
1166 2536 1284 2622 oppido
1298 2534 1446 2620 Legionis
1467 2536 1525 2600 mi-

217 2631 300 2698 libus
322 2658 342 2698 n
438 2683 444 2699 .

299 2657 490 2800 Aulirlmnoa
514 2739 669 2815 Graecum,
690 2745 724 2800 ct
746 2737 869 2816 quidam
884 2745 1005 2816 putant,
1026 2740 1077 2800 sed
1090 2740 1256 2801 Hebraeum
1276 2739 1454 2802 combretum
1476 2745 1525 2800 eat.

217 2833 394 2916 appellatur
414 2839 520 2900 autem
541 2834 634 2900 uallis
657 2834 784 2919 grandis
807 2838 903 2918 atque
925 2837 1108 2918 campestris
1129 2836 1162 2899 in
1183 2835 1368 2901 immensam
1390 2834 1525 2919 longitu-

217 2932 321 2998 dinem
352 2955 385 2999 se
407 2936 584 3014 extendens,
616 2955 696 3018 quae
719 2933 930 2998 circumdatur
961 2956 998 2998 ex
1019 2939 1152 3018 utraque
1173 2939 1261 3018 parte
1282 2935 1443 3000 montibus
1465 2933 1525 2998 sibi

298 4266 381 4322 22ss
409 4266 465 4337 vgl.
483 4267 555 4322 Hier.
575 4283 616 4337 ep.
635 4267 681 4329 73.
698 4266 727 4321 9:
757 4264 839 4320 uallis
865 4265 949 4336 regis,
976 4265 1034 4320 siue
1060 4267 1092 4320 ut
1117 4265 1301 4335 Septuaginta
1324 4267 1524 4323 tanstulerunt

213 4383 333 4438 campus,
352 4385 434 4437 quem
451 4368 535 4424 hodie
553 4367 689 4423 Anionem
707 4366 856 4423 Palaestini
873 4369 977 4422 nocant

300 4551 315 4607 1
335 4553 423 4608 Arath
440 4552 494 4609 ΔΟ
509 4555 578 4608 Aret
595 4555 627 4608 H
675 4555 693 4610 2
712 4552 855 4622 Molothis]
873 4559 906 4616 -Ι-
923 4551 954 4606 in
971 4552 996 4605 A
1050 4551 1088 4607 14
1106 4551 1198 4607 Arath
1215 4551 1323 4608 carae
1340 4551 1369 4606 Η
1420 4552 1457 4608 15
1475 4569 1521 4624 po·

213 4653 307 4721 situm]
328 4653 458 4725 scriptum
476 4657 501 4706 A
573 4655 730 4724 lectrum]
749 4654 892 4709 adortum
917 4654 958 4708 Vc
976 4654 1022 4722 (Α)
