3752 5542
735 489 924 560 Hieronymus.
1447 495 1485 557 13

111 661 167 717 AO
262 657 349 722 Auor
369 656 437 721 siue
450 656 537 722 lazar
557 659 709 724 terminus
723 661 810 725 urbis
825 661 970 738 Amman,
992 679 1074 741 quae
1087 678 1171 724 nunc
1185 656 1350 724 Filadelfia
1364 657 1487 737 dicitur,

181 756 325 820 diuidens
360 777 428 820 eam
457 758 765 842 Amorraeorumque
795 759 964 842 regionem.
1016 763 1047 822 et
1077 761 1125 822 est
1152 757 1186 822 in
1220 761 1333 823 octauo
1364 755 1489 823 circiter

163 856 284 940 lapide
307 856 373 922 eius
393 858 433 919 ad
457 855 533 922 solis
555 878 701 923 occasum
721 858 811 923 uicus
826 857 913 924 Iacer
932 880 1034 943 usque
1054 858 1088 922 in
1108 861 1304 942 praesentem
1323 857 1406 922 diem
1420 878 1489 940 per-

180 976 317 1020 manens.
1079 1013 1081 1018 s

147 1067 164 1121 5
263 1056 365 1120 Aroer
386 1055 537 1138 oppidum
559 1055 783 1137 Moabitarum,
810 1059 896 1142 quod
917 1057 1013 1122 situm
1036 1064 1083 1122 est
1104 1079 1198 1140 super
1218 1057 1321 1142 ripam
1342 1056 1489 1121 torrentis

181 1155 304 1232 Arnon,
330 1175 509 1236 possessum
532 1156 607 1220 olim
629 1179 647 1220 a
669 1161 762 1240 gente
784 1158 952 1222 ueterrima
973 1157 1124 1238 Ommim,
1151 1161 1183 1222 et
1203 1161 1313 1240 postea
1334 1161 1490 1221 retentum

182 1275 201 1316 a
226 1253 302 1318 filiis
323 1253 394 1332 hot,
420 1255 454 1318 id
481 1260 528 1320 est
554 1255 756 1336 aMoabitis,
786 1279 857 1322 cum
884 1258 1005 1340 priores
1032 1255 1154 1322 accolas
1180 1256 1416 1322 subuertissent
1460 1259 1491 1320 et

184 1353 361 1420 ostenditur
381 1375 482 1437 usque
503 1355 597 1420 hodie
618 1355 650 1420 in
672 1356 790 1422 uertice
812 1356 929 1422 montis
950 1356 1045 1422 illius.
1088 1358 1143 1421 sed
1164 1360 1196 1422 et
1216 1361 1338 1422 torrens
1359 1377 1415 1439 per
1437 1354 1490 1419 ab·

183 1458 276 1537 rupta
297 1455 488 1519 descendens
509 1456 543 1518 in
558 1476 643 1520 mare
664 1459 823 1520 mortuum
844 1455 923 1522 fluit.
958 1456 1072 1521 eccidit
1093 1460 1198 1520 autem
1212 1455 1314 1521 Aroer
1327 1454 1360 1518 in
1375 1458 1490 1520 sortem

133 1561 167 1617 10
184 1553 285 1619 tribus
308 1552 375 1618 (lad
397 1557 507 1619 contra
527 1554 640 1619 faeiem
661 1553 781 1619 Rabba.

267 1654 419 1719 Astaroth
446 1655 581 1738 antiqua·
603 1653 714 1718 ciuitas
736 1651 786 1739 Og
808 1655 891 1738 regis
913 1655 1031 1736 Basan,
1057 1656 1091 1720 in
1117 1676 1180 1738 qua
1201 1654 1424 1718 habitauerunt
1445 1652 1491 1736 gi-

185 1756 308 1836 gantes:
340 1775 421 1836 quae
446 1758 558 1835 postea
584 1753 698 1818 cecidit
723 1755 756 1819 in
783 1759 900 1820 sortem
925 1755 1027 1820 tribus
1049 1756 1206 1820 Manasse:
1238 1753 1376 1837 regionis
1397 1752 1493 1816 Bata·

184 1875 288 1926 nacae,
311 1855 342 1916 et
363 1873 417 1917 sex
438 1851 567 1917 milibus
589 1853 627 1917 ab
650 1853 737 1918 Adra
759 1856 836 1919 urbe
852 1853 862 1936 ΙΙ
878 1855 1014 1919 Arabiae
1032 1857 1175 1936 separata
1195 1857 1250 1919 est.
1292 1873 1387 1936 porro
1406 1854 1494 1917 Adra
1510 1854 1543 1909 87

185 1975 204 2016 a
224 1952 340 2018 Bostra
361 1952 477 2036 uiginti
498 1957 638 2037 quinque
659 1952 788 2018 milibus
810 1955 914 2020 distat.
957 1955 1092 2020 diximus
1114 1957 1145 2016 et
1166 1956 1321 2036 saprade
1342 1951 1494 2017 Astaroth

135 2057 169 2112 15
187 2050 341 2118 Carnaim.

270 2150 350 2236 Agri
372 2149 499 2234 specula
521 2171 611 2216 mous
628 2150 848 2230 Moabitarum,
869 2151 900 2216 in
924 2173 1017 2235 quem
1039 2152 1169 2217 adduxit
1185 2151 1284 2217 Balao
1304 2149 1389 2232 filius
1405 2149 1496 2216 Sefor

188 2249 320 2314 Balaam
342 2249 485 2314 diuinum
506 2253 547 2314 ad
572 2248 823 2316 maledicendum
849 2250 946 2316 lsrael
973 2273 1066 2334 super
1090 2253 1255 2332 uerticem,
1286 2251 1342 2334 qui
1366 2253 1496 2334 propter

186 2349 356 2414 uehemens
377 2355 582 2434 praeruptum
603 2355 735 2415 uocatur
757 2353 891 2428 excisus,
922 2355 953 2415 et
982 2351 1127 2416 imminet
1156 2351 1235 2416 mari
1265 2355 1389 2415 mortuo
1411 2351 1496 2413 haud

187 2447 359 2533 proculab
381 2449 517 2514 Arnone.
618 2448 626 2462 ‘

137 2551 172 2608 20
269 2547 414 2613 Araboth
435 2550 530 2614 Moab
556 2550 612 2615 ubi
638 2553 775 2615 secundo
801 2555 983 2616 numeratus
1011 2555 1058 2616 est
1083 2549 1234 2633 populus,
1266 2552 1352 2634 quod
1377 2546 1497 2634 Aquila

190 2648 414 2731 interpretatur
435 2648 566 2713 humilia
589 2651 655 2714 siue
678 2649 822 2735 aequalia
841 2649 946 2729 Moab,
976 2655 1053 2714 tone
1072 2655 1181 2714 babens
1201 2653 1443 2734 consuetudinem
1463 2658 1498 2712 ul

188 2771 321 2813 cremam
336 2759 457 2830 propter
474 2754 631 2829 planitiem
653 2737 793 2831 ὁμαλήν,
814 2753 847 2814 id
867 2760 910 2814 est
930 2755 1082 2830 aequalem
1102 2753 1305 2830 intepretetur
1325 2753 1495 2831 orphanam.

190 2847 325 2930 denique
348 2846 555 2930 Symmachus
576 2869 635 2930 pro
655 2849 798 2913 Araboth
818 2847 913 2913 Moab
936 2848 1123 2932 campestria
1144 2847 1239 2915 Moab
1261 2847 1430 2914 transtulit
1467 2851 1499 2911 et

191 2952 238 3011 est
258 2968 359 3031 usque
381 2948 474 3013 hodie
494 2948 583 3013 locus
604 2947 693 3011 iuxta
706 2952 846 3013 montem
861 2946 975 3031 Fogor,
998 2948 1144 3013 euntibus
1164 2947 1326 3012 ahiuiade
1340 2949 1374 3011 in
1387 2947 1498 3012 Esbun

138 3049 172 3104 ‘25
190 3047 327 3112 Arabiae
349 3050 459 3113 contra
476 3045 605 3126 Iericho,
628 3047 683 3130 qui
704 3047 749 3111 ita
770 3045 953 3131 appellatur.

274 3147 389 3210 Araba.
427 3148 508 3211 hano
528 3150 565 3210 ut
586 3167 680 3227 supra
702 3144 821 3229 Aquila
843 3145 1004 3210 transtulit
1017 3145 1152 3229 planam,
1175 3147 1383 3230 Symmachus
1404 3147 1499 3211 inter·

192 3248 269 3309 dum
290 3251 506 3330 campestrem,
527 3245 684 3310 interdum
706 3245 952 3324 inhabitabilem,
973 3244 1171 3311 Theodotion
1193 3245 1428 3312 occidentalem.

94 3350 179 3406 ΑΘΗ
276 3346 413 3410 Ataroth
424 3345 536 3410 ciuitas
545 3344 620 3409 olim
630 3335 875 3412 Amorraeorum
889 3350 976 3410 trans
986 3343 1152 3410 Iordanem
1167 3366 1248 3429 quae
1262 3349 1372 3428 postea
1386 3344 1500 3410 cecidit

190 3445 224 3508 in
246 3451 362 3510 sortem
383 3443 484 3510 tribus
508 3444 583 3509 (lad.
625 3449 757 3510 uocatus
785 3449 832 3508 est
861 3450 965 3510 autem
987 3446 1124 3511 Ataroth
1148 3450 1178 3510 et
1199 3445 1283 3510 filius
1305 3443 1412 3508 Salma
1433 3443 1499 3508 siue

139 3547 173 3602 30
190 3543 348 3621 Salomon,
371 3550 408 3610 ut
429 3545 461 3610 in
484 3543 734 3627 Paralipomenis
756 3545 909 3628 scriptum
931 3550 985 3610 est.

273 3645 409 3711 Ataroth
431 3645 535 3711 Sofan.
580 3645 709 3709 ethaeo
731 3644 844 3709 ciuitas
865 3643 966 3709 tribus
990 3645 1065 3710 Gad.

279 4559 399 4614 8Zauer
416 4560 441 4612 A
459 4559 538 4628 (aewh
557 4560 585 4612 Z.
606 4561 630 4624 1)
649 4559 737 4615 larO
806 4560 843 4615 16
861 4559 949 4629 mons]
970 4567 1001 4623 -l-
1021 4562 1063 4614 est
1086 4559 1126 4611 Va
1197 4558 1294 4626 {Safar
1312 4558 1411 4626 baffi)
1431 4559 1501 4615 Beer

192 4659 247 4714 AO
313 4661 352 4718 24
372 4661 465 4718 Esbon
483 4662 536 4716 AO
612 4660 685 4718 281.
704 4660 881 4718 AstarothO
946 4663 986 4718 Sd
1004 4661 1158 4718 SalmonA
1229 4661 1266 4716 el
1286 4661 1386 4715 Atroth
1405 4660 1454 4729 (0)
1474 4659 1506 4714 H
