3780 5536
786 457 976 526 Hieronymus.
1230 455 1233 462 '
1500 469 1540 528 47

162 636 217 692 AO
230 628 311 693 Iidas
333 634 445 712 sponte
466 629 581 694 humus
603 629 701 710 effert,
722 634 931 713 cognomento
947 628 1123 710 Beelmaus,
1145 630 1263 694 dIstens
1279 632 1318 695 ab
1336 627 1441 696 Esbus
1456 629 1538 694 mili·

230 731 290 794 bus
311 751 434 807 nouem,
456 731 539 795 unde
562 733 594 794 et
614 728 774 795 Elissaeas
796 729 919 812 profeta
941 729 1010 794 fuit

313 828 394 892 Baal
414 833 501 894 trans
522 829 687 894 Iordanem
709 829 784 894 urbs
806 829 945 894 filiorum
966 827 1087 895 Ruben.

311 928 440 994 Buthan
456 934 557 995 castra
571 929 710 994 filiorum
723 929 822 994 Israel
835 929 868 992 In
884 932 1016 1007 deserto,
1038 950 1118 1012 quae
1134 933 1165 992 et
1179 929 1315 994 Aetham
1330 933 1537 1012 nuncupatur.
1613 967 1616 974 =

196 1144 212 1196 5
312 1128 392 1195 Bela
412 1128 564 1193 terminus
584 1128 717 1194 Iudaeae
732 1131 772 1192 ad
786 1129 938 1195 orientem
961 1128 1139 1212 respiciens,
1162 1131 1199 1193 de
1222 1151 1284 1212 quo
1309 1133 1340 1194 et
1361 1151 1456 1212 supra
1477 1132 1537 1194 sub

230 1230 357 1295 nomine
378 1227 516 1295 Arbelae
538 1229 683 1293 diximus.

308 1329 411 1395 Bosor
439 1331 474 1394 in
504 1331 626 1393 deserto
657 1332 743 1393 trans
765 1327 943 1406 Iordanem,
975 1351 1055 1412 quae
1086 1327 1200 1394 cecid't
1229 1328 1262 1391 in
1293 1333 1409 1393 sortem
1435 1328 1536 1393 tribus

226 1427 348 1508 Buben,
369 1431 409 1492 ad
425 1427 608 1494 orientalem
623 1433 744 1511 partem
759 1427 907 1508 Ierichus,
928 1429 1040 1494 ciuItas
1055 1427 1257 1492 sacerdotalis
1273 1431 1304 1492 et
1318 1427 1535 1511 fugitiuorum.

226 1528 304 1592 haee
334 1532 381 1593 est
401 1528 517 1594 Bostra
546 1527 730 1612 metropolis
755 1529 900 1593 Arabiae.
942 1527 1120 1611 appellatur
1149 1531 1253 1591 autem
1284 1531 1316 1590 et
1346 1526 1407 1590 alia
1432 1527 1536 1594 Bosor

176 1638 210 1692 10
226 1627 337 1692 ciuitas
367 1625 453 1692 Esau
482 1627 516 1691 in
545 1627 705 1693 montibus
734 1626 913 1707 Idumaeae,
943 1628 1032 1692 cuius
1062 1626 1173 1691 Esaias
1203 1629 1385 1692 recordatur
1414 1627 1533 1692 dicens:

228 1727 318 1810 »quis
340 1731 388 1791 est
408 1727 468 1791 iste
491 1728 547 1811 qui
567 1727 656 1791 uenit
677 1730 715 1792 de
736 1727 859 1792 Edom?
898 1725 1021 1791 fuluide
1041 1726 1230 1791 uestimenta
1252 1726 1318 1790 eius
1341 1743 1380 1789 ex
1403 1726 1533 1790 Bosorr.

307 1927 427 1993 Beroth
457 1927 595 1993 filiorum
617 1926 723 1992 Iacim.
764 1927 799 1991 in
828 1929 950 1992 deserto
972 1927 1074 2007 loeus,
1104 1927 1137 1991 in
1160 1949 1222 2011 quo
1244 1926 1324 1991 obiit
1344 1926 1460 1992 Aaron.
1503 1933 1534 1990 et

225 2029 402 2093 ostenditur
423 2049 523 2112 usque
545 2028 637 2092 hodie
659 2027 692 2091 in
714 2027 835 2091 decimo
857 2026 961 2111 lapide
978 2027 1065 2093 urbis
1081 2025 1193 2090 Petrae
1214 2026 1248 2090 in
1269 2027 1385 2090 montis
1406 2026 1533 2093 uertice.

747 2294 796 2360 De
817 2294 898 2360 libro
923 2294 1001 2359 Iesu.

175 2455 208 2509 15
308 2444 426 2524 Bunos,
452 2447 678 2523 lucescentis,
708 2446 952 2528 praeputiorum.
994 2444 1082 2510 locus
1104 2445 1137 2509 in
1160 2443 1300 2529 Galgalis
1322 2444 1377 2510 ubi
1399 2444 1531 2510 circum-

225 2543 302 2609 cidit
323 2543 410 2609 Iesus
431 2543 585 2628 populum
606 2543 704 2609 Israel
726 2545 758 2608 in
780 2548 918 2609 secundo
940 2546 979 2609 ab
993 2543 1114 2609 Iericho
1136 2545 1248 2628 lapide.
1272 2551 1303 2611 et
1325 2546 1532 2610 ostenduntur

220 2665 321 2727 usque
342 2644 437 2710 hodie
458 2666 533 2708 sarra
556 2666 636 2727 quae
658 2647 696 2708 de
711 2643 844 2709 Iordane
864 2644 942 2709 illue
962 2644 1114 2708 translata
1128 2645 1283 2729 scriptura
1298 2649 1529 2711 commemorat.

219 2747 224 2754 '
302 2743 474 2821 Bethoron,
496 2747 536 2808 ad
558 2765 653 2828 quam
675 2766 777 2828 nsque
798 2743 942 2808 inimicos
962 2749 1144 2827 persecutus
1167 2749 1214 2808 est
1228 2763 1318 2828 reges
1333 2744 1428 2823 Iesus
1451 2767 1531 2827 quae

221 2841 334 2908 cecidIt
355 2843 389 2906 in
410 2847 526 2908 sortem
549 2843 686 2908 filiorum
708 2842 800 2924 Iosef,
819 2845 852 2907 id
874 2847 922 2908 est
935 2842 1064 2909 Efraim.
1107 2849 1181 2909 sunt
1202 2848 1307 2909 autem
1329 2848 1391 2910 duo
1413 2844 1476 2908 uici
1498 2844 1530 2907 in

169 2950 204 3004 20
220 2942 405 3007 duodecinro
421 2942 518 3008 ferme
533 2943 573 3006 ab
587 2942 680 3007 Aelia
693 2943 798 3027 lapide
812 2943 994 3026 Nicopolim
1010 2945 1223 3027 pergentibus,
1242 2967 1258 3010 e
1274 2945 1388 3028 quibus
1402 2946 1531 3026 propter

220 3039 315 3105 situm
345 3063 426 3106 unus
458 3041 573 3107 dIcitur
592 3041 602 3126 Ιῖ
623 3042 784 3109 Bethoron
815 3043 964 3125 superior,
995 3064 1090 3126 quem
1110 3044 1289 3109 aedificauit
1311 3042 1468 3121 Salomon,
1498 3047 1597 3107 et103

220 3139 301 3204 alius
322 3140 486 3206 Bethoron
506 3142 643 3216 inferior,
666 3146 758 3207 datus
778 3141 897 3208 Leuitis
919 3143 951 3206 in
973 3142 1213 3226 possessionem.

301 3240 428 3306 Barne‘
443 3243 521 3307 haec
542 3243 611 3325 ipsa
633 3247 679 3306 est
694 3264 775 3326 quae
790 3246 821 3306 et
836 3242 1043 3318 Cadesbarne
1064 3244 1098 3306 in
1114 3245 1236 3310 deserto
1252 3245 1337 3327 quod
1353 3243 1530 3307 extenditur

219 3362 320 3424 usque
342 3343 381 3403 ad
403 3341 514 3405 urbem
535 3340 669 3407 Petram.
836 3335 842 3346 '

303 4222 363 4277 III.
382 4221 438 4291 vgl.
457 4224 530 4278 Hiar.
550 4240 647 4279 comm.
665 4223 694 4277 in
706 4224 752 4279 Jes
763 4224 805 4290 34,
823 4223 894 4278 ld?
956 4225 993 4280 18
1004 4225 1038 4280 II.
1057 4223 1112 4294 vgl.
1126 4224 1200 4280 HIer.
1213 4241 1254 4294 ep.
1267 4226 1326 4292 108,
1338 4229 1366 4284 8:
1386 4226 1526 4281 Bethoron

214 4322 372 4378 inferiorem
390 4326 419 4377 et
436 4324 611 4396 superiorem,
637 4327 718 4381 urbes
744 4344 761 4382 a
779 4326 925 4382 Salomone
943 4325 1080 4392 conditas,
1108 4327 1156 4381 sed
1181 4324 1260 4381 uaria
1277 4331 1373 4398 postea
1388 4327 1525 4382 bellorum

214 4426 378 4494 tempestate
398 4424 503 4481 deletas

302 4628 340 4683 14
359 4628 393 4684 de
411 4629 482 4685 libro
500 4629 571 4699 Iesu]
590 4639 623 4689 <
641 4631 666 4682 A
685 4631 719 4686 de
736 4631 820 4686 Hiesu
838 4631 915 4686 libris
938 4630 1010 4687 Ode
1027 4630 1098 4686 libro
1117 4588 1178 4686 lesu
1195 4631 1272 4687 Naue
1290 4633 1332 4687 La
