3780 5536
800 475 991 546 Hieronymus.

136 785 138 790 .
174 746 229 806 AO
733 727 783 792 De
804 727 886 794 libro
908 727 1061 794 Indicum.

325 876 419 961 Drys,
439 882 472 942 id
492 889 535 942 est
554 901 685 960 quereres,
707 879 740 944 in
754 878 888 944 Efratha
908 878 943 943 in
963 877 1048 943 tribu
1063 876 1219 956 Manasse,
1240 881 1323 943 unde
1338 878 1399 944 fuit
1414 878 1551 947 Gedeon.

243 988 269 1040 et
283 981 317 1042 dc
336 981 392 1042 too
413 982 486 1060 quid
505 982 592 1042 nobis
612 983 717 1044 urbam
738 984 785 1059 sit,
802 984 837 1044 in
858 983 942 1044 libr-rb
956 983 1169 1043 Hetrar'ooram
1183 983 1394 1060 quaestionum
1408 983 1552 1046 dicimus.

244 1083 397 1160 quaeritur
417 1082 497 1143 enim
519 1077 666 1160 quomodo
688 1083 817 1160 Esrotto
835 1084 871 1143 ia
891 1083 970 1144 enta
992 1084 1131 1144 Manosse
1151 1101 1233 1142 acne
1253 1101 1315 1143 ease
1335 1082 1460 1146 dicatur.

211 1288 227 1341 5
714 1259 763 1326 De
783 1259 966 1346 Regnorum
987 1258 1085 1325 libris.

326 1409 447 1488 Dibon,
477 1412 516 1474 de
546 1431 609 1494 qua
639 1433 734 1495 supra
763 1411 912 1491 diximus,
943 1410 1032 1476 cuius
1061 1408 1205 1475 meminit
1225 1408 1337 1476 Esaias
1365 1413 1401 1476 in
1429 1411 1551 1478 uisione

244 1513 353 1573 contra
372 1509 477 1574 Moab.
541 1562 546 1572 .

325 1607 452 1686 Deseth,
474 1611 560 1692 quod
580 1608 700 1694 Aqu'nla
720 1609 883 1676 transtulit
902 1609 1062 1694 parietem,
1085 1607 1292 1692 Symmachus
1313 1631 1447 1676 murum.

328 1706 495 1786 DodenIm,
518 1711 556 1773 de
578 1731 641 1793 qua
654 1707 765 1775 Esaias
786 1709 820 1774 in
841 1709 963 1776 uisi0ne
985 1706 1095 1773 scribit
1109 1709 1254 1774 Arabiae.
1282 1713 1331 1774 est
1345 1714 1449 1774 autem
1464 1711 1552 1776 iuxta

195 1830 228 1884 10
245 1807 438 1890 Areopolim.

325 1906 454 1972 Darom.
484 1905 577 1972 huius
593 1908 736 1972 meminit
750 1906 909 1986 Ieaecbiel,
931 1909 1017 1991 quod
1031 1905 1239 1990 Symmachus
1253 1907 1349 1974 uertit
1362 1909 1395 1974 in
1410 1909 1550 1976 africum.

329 2005 496 2089 Diospolis
514 2006 626 2072 ciuibus
646 2007 796 2092 Aegypti,
814 2005 897 2072 sicut
917 2007 1027 2072 scribit
1048 2004 1209 2072 Iezechiel.

327 2105 440 2170 Dadan
461 2105 494 2170 in
515 2108 644 2191 reglone
665 2106 773 2187 Cadur,
795 2109 834 2172 de
855 2129 918 2191 qua
938 2105 1048 2171 scribit
1070 2103 1223 2170 Ieremias.

327 2203 529 2270 Deblathaim
547 2205 580 2270 in
602 2211 686 2271 terra
703 2207 807 2286 Moab,
829 2207 911 2270 sicut
932 2205 1042 2270 scribit
1055 2203 1214 2270 Ieremias.

196 2327 227 2380 15
326 2303 459 2370 Daedan
486 2305 520 2369 in
549 2305 677 2389 regione
697 2307 859 2384 Idumaea,
889 2305 971 2370 sicut
1000 2305 1110 2370 scribit
1126 2304 1282 2370 Ieremias.
1325 2309 1373 2371 est
1393 2311 1498 2372 autem
1518 2308 1552 2372 in

245 2408 358 2488 quarto
380 2403 516 2470 miliario
538 2427 557 2470 a
577 2404 706 2470 metallo
727 2403 834 2471 Faeno
856 2409 966 2469 contra
986 2403 1176 2488 aquilonem

327 2503 505 2588 Decapolis,
527 2503 610 2568 sicut
623 2504 656 2568 in
670 2503 846 2588 Euangelio
861 2503 1006 2587 legimus.
1042 2508 1090 2569 est
1103 2507 1209 2568 autem
1227 2509 1307 2584 rapio
1322 2509 1416 2570 decem
1430 2511 1553 2572 urbiam

246 2609 333 2669 trans
354 2603 520 2670 Iordanem
542 2604 626 2669 circa
647 2603 791 2687 Hippum
813 2607 844 2668 et
864 2602 986 2668 Pellam
1010 2607 1041 2668 et
1062 2602 1226 2668 Gadaram.

805 2987 854 3053 De
876 2987 998 3054 Genesi.

196 3169 229 3224 20
328 3139 419 3206 Edon
440 3139 522 3204 sacri
542 3139 681 3224 paradisi
701 3139 790 3206 locus
813 3140 1029 3218 adorientem,
1052 3141 1137 3222 quod
1152 3140 1186 3203 in
1200 3137 1395 3224 uoluptatem
1413 3138 1554 3204 delicias-

246 3262 308 3324 que
329 3241 523 3306 transfertur.

328 3341 337 3424 ἢ
357 3339 460 3420 Euila,
480 3339 536 3405 ubi
558 3360 669 3404 aurum
690 3337 902 3423 purissimum,
926 3343 1006 3420 qaod
1026 3343 1165 3402 Hebraico
1185 3341 1294 3402 dicitur
1310 3342 1399 3416 Zoob,
1421 3341 1453 3402 et
1468 3356 1554 3422 gem·
1575 3347 1624 3400 117

246 3461 315 3504 mae
345 3437 601 3522 pretiosissimae,
631 3435 840 3504 carbunculus
871 3439 1122 3522 smaragdusque
1151 3439 1329 3501 nascuntur.
1373 3440 1421 3501 est
1450 3439 1555 3500 autem

247 3539 333 3624 regio
364 3539 579 3604 adorientem
609 3555 752 3622 uergens,
784 3557 879 3620 quam
902 3535 1014 3602 circuit
1036 3538 1074 3600 de
1095 3535 1241 3620 paradiso
1264 3535 1361 3606 Fison
1383 3535 1554 3620 egrediens,

332 4543 369 4598 15
388 4543 467 4612 elcut]
486 4559 566 4613 super
583 4559 639 4610 qua
655 4544 681 4596 Α
769 4543 806 4598 16
824 4541 915 4596 Faeno
932 4541 959 4594 B
976 4539 1067 4596 Foeno
1085 4541 1110 4592 A
1128 4539 1239 4594 SencG
1318 4537 1506 4608 laquilonem]
1521 4542 1554 4604 4-

246 4646 287 4700 De
304 4643 454 4713 euangeliis
473 4643 515 4698 la
584 4645 624 4700 20
642 4644 711 4699 sacri
735 4643 775 4698 Va
792 4659 868 4698 sacer
885 4642 964 4697 ABG
1030 4641 1069 4696 28
1087 4638 1302 4710 smaragdusque
1319 4641 1344 4692 A

300 4729 419 4774 Euseblus
434 4729 477 4774 Ill.
1339 4727 1355 4779 6
