<?xml version="1.0" encoding="UTF-8"?>
<!DOCTYPE html PUBLIC "-//W3C//DTD XHTML 1.0 Transitional//EN"
    "http://www.w3.org/TR/xhtml1/DTD/xhtml1-transitional.dtd">
<html xmlns="http://www.w3.org/1999/xhtml" xml:lang="en" lang="en">
 <head>
  <title>
</title>
<meta http-equiv="Content-Type" content="text/html;charset=utf-8" />
  <meta name='ocr-system' content='tesseract 3.04.00' />
  <meta name='ocr-capabilities' content='ocr_page ocr_carea ocr_par ocr_line ocrx_word'/>
</head>
<body>
  <div class='ocr_page' id='page_1' title='image "./diegriechischen02religoog/diegriechischen02religoog_0151.png"; bbox 0 0 3780 5536; ppageno 0'>
   <div class='ocr_carea' id='block_1_1' title="bbox 775 495 1529 567">
    <p class='ocr_par' dir='ltr' id='par_1_1' title="bbox 775 495 1529 567">
     <span class='ocr_line' id='line_1_1' title="bbox 775 495 1529 567; baseline 0.001 -17"><span class='ocrx_word' id='word_1_1' title='bbox 775 495 966 567; x_wconf 78' lang='lat' dir='ltr'><strong>Hieronymus.</strong></span> <span class='ocrx_word' id='word_1_2' title='bbox 1489 505 1529 566; x_wconf 83' lang='grc'><strong>93</strong></span> 
     </span>
    </p>
   </div>
   <div class='ocr_carea' id='block_1_2' title="bbox 153 656 1529 846">
    <p class='ocr_par' dir='ltr' id='par_1_2' title="bbox 153 656 1529 846">
     <span class='ocr_line' id='line_1_2' title="bbox 153 656 1529 747; baseline 0.004 -23"><span class='ocrx_word' id='word_1_3' title='bbox 153 656 208 711; x_wconf 79' lang='lat' dir='ltr'><strong>AO</strong></span> <span class='ocrx_word' id='word_1_4' title='bbox 303 665 465 745; x_wconf 69' lang='lat' dir='ltr'><strong>Hucusque</strong></span> <span class='ocrx_word' id='word_1_5' title='bbox 480 684 535 742; x_wconf 85' lang='lat' dir='ltr'><strong>per</strong></span> <span class='ocrx_word' id='word_1_6' title='bbox 555 672 717 744; x_wconf 82' lang='lat' dir='ltr'><strong>eorreptom</strong></span> <span class='ocrx_word' id='word_1_7' title='bbox 738 669 865 730; x_wconf 77' lang='lat' dir='ltr'><em>litteram</em></span> <span class='ocrx_word' id='word_1_8' title='bbox 879 671 911 730; x_wconf 80' lang='grc' dir='ltr'><em>Ε</em></span> <span class='ocrx_word' id='word_1_9' title='bbox 927 669 1089 729; x_wconf 74' lang='lat' dir='ltr'><strong>nominum</strong></span> <span class='ocrx_word' id='word_1_10' title='bbox 1110 674 1183 728; x_wconf 82' lang='lat' dir='ltr'><strong>eunt</strong></span> <span class='ocrx_word' id='word_1_11' title='bbox 1197 668 1266 728; x_wconf 81' lang='lat' dir='ltr'><strong>lento</strong></span> <span class='ocrx_word' id='word_1_12' title='bbox 1277 669 1438 747; x_wconf 72' lang='lat' dir='ltr'><strong>prinmpia,</strong></span> <span class='ocrx_word' id='word_1_13' title='bbox 1460 670 1529 730; x_wconf 75' lang='lat' dir='ltr'><strong>euin</strong></span> 
     </span>
     <span class='ocr_line' id='line_1_3' title="bbox 216 766 1250 846; baseline 0.004 -22"><span class='ocrx_word' id='word_1_14' title='bbox 216 783 271 840; x_wconf 85' lang='lat' dir='ltr'><strong>per</strong></span> <span class='ocrx_word' id='word_1_15' title='bbox 291 771 444 826; x_wconf 70' lang='lat' dir='ltr'><strong>extusum</strong></span> <span class='ocrx_word' id='word_1_16' title='bbox 465 766 597 843; x_wconf 68' lang='lat' dir='ltr'><strong>hqomus</strong></span> <span class='ocrx_word' id='word_1_17' title='bbox 617 767 798 843; x_wconf 81' lang='lat' dir='ltr'><strong>elementum,</strong></span> <span class='ocrx_word' id='word_1_18' title='bbox 820 769 900 846; x_wconf 84' lang='lat' dir='ltr'><strong>quod</strong></span> <span class='ocrx_word' id='word_1_19' title='bbox 925 769 1032 829; x_wconf 73' lang='lat' dir='ltr'><strong>Graece</strong></span> <span class='ocrx_word' id='word_1_20' title='bbox 1052 768 1162 830; x_wconf 79' lang='lat' dir='ltr'><strong>dieitur</strong></span> <span class='ocrx_word' id='word_1_21' title='bbox 1183 769 1250 828; x_wconf 83' lang='lat' dir='ltr'><strong>Eto.</strong></span> 
     </span>
    </p>
   </div>
   <div class='ocr_carea' id='block_1_3' title="bbox 116 1073 1598 1158">
    <p class='ocr_par' dir='ltr' id='par_1_3' title="bbox 116 1073 1598 1158">
     <span class='ocr_line' id='line_1_4' title="bbox 116 1073 1598 1158; baseline 0.006 -18"><span class='ocrx_word' id='word_1_22' title='bbox 116 1085 204 1142; x_wconf 72' lang='grc' dir='ltr'><strong>ΑΘΗ</strong></span> <span class='ocrx_word' id='word_1_23' title='bbox 218 1073 227 1158; x_wconf 74' lang='lat' dir='ltr'><strong>d</strong></span> <span class='ocrx_word' id='word_1_24' title='bbox 778 1081 826 1146; x_wconf 92' lang='lat' dir='ltr'><strong>De</strong></span> <span class='ocrx_word' id='word_1_25' title='bbox 849 1080 972 1146; x_wconf 81' lang='lat' dir='ltr'><strong>Genesi.</strong></span> <span class='ocrx_word' id='word_1_26' title='bbox 1544 1095 1598 1150; x_wconf 79' lang='lat'><strong>159</strong></span> 
     </span>
    </p>
   </div>
   <div class='ocr_carea' id='block_1_4' title="bbox 185 1258 1527 1426">
    <p class='ocr_par' dir='ltr' id='par_1_4' title="bbox 185 1258 1527 1426">
     <span class='ocr_line' id='line_1_5' title="bbox 219 1258 1527 1424; baseline 0.004 -101"><span class='ocrx_word' id='word_1_27' title='bbox 219 1359 271 1424; x_wconf 82' lang='lat' dir='ltr'><strong>bl</strong></span> <span class='ocrx_word' id='word_1_28' title='bbox 300 1258 422 1326; x_wconf 83' lang='lat' dir='ltr'><strong>Zsfoim</strong></span> <span class='ocrx_word' id='word_1_29' title='bbox 451 1262 539 1348; x_wconf 81' lang='lat' dir='ltr'><strong>regio</strong></span> <span class='ocrx_word' id='word_1_30' title='bbox 569 1265 747 1348; x_wconf 79' lang='lat' dir='ltr'>principum</span> <span class='ocrx_word' id='word_1_31' title='bbox 768 1264 871 1331; x_wconf 75' lang='lat' dir='ltr'><strong>Edom</strong></span> <span class='ocrx_word' id='word_1_32' title='bbox 900 1266 933 1330; x_wconf 92' lang='lat' dir='ltr'><strong>in</strong></span> <span class='ocrx_word' id='word_1_33' title='bbox 958 1270 1042 1331; x_wconf 84' lang='lat' dir='ltr'><strong>terre</strong></span> <span class='ocrx_word' id='word_1_34' title='bbox 1063 1287 1144 1349; x_wconf 84' lang='lat' dir='ltr'><strong>quse</strong></span> <span class='ocrx_word' id='word_1_35' title='bbox 1164 1286 1248 1330; x_wconf 85' lang='lat' dir='ltr'><strong>nuno</strong></span> <span class='ocrx_word' id='word_1_36' title='bbox 1269 1263 1446 1348; x_wconf 79' lang='lat' dir='ltr'><strong>appellatur</strong></span> <span class='ocrx_word' id='word_1_37' title='bbox 1468 1263 1527 1328; x_wconf 88' lang='lat' dir='ltr'><strong>Ge·</strong></span> 
     </span>
     <span class='ocr_line' id='line_1_6' title="bbox 185 1368 339 1426; baseline 0.039 -6"><span class='ocrx_word' id='word_1_38' title='bbox 185 1368 202 1420; x_wconf 80' lang='lat'>5</span> <span class='ocrx_word' id='word_1_39' title='bbox 241 1382 339 1426; x_wconf 81' lang='lat' dir='ltr'><strong>aene.</strong></span> 
     </span>
    </p>
   </div>
   <div class='ocr_carea' id='block_1_5' title="bbox 594 1543 1144 1612">
    <p class='ocr_par' dir='ltr' id='par_1_5' title="bbox 594 1543 1144 1612">
     <span class='ocr_line' id='line_1_7' title="bbox 594 1543 1144 1612; baseline 0.004 -3"><span class='ocrx_word' id='word_1_40' title='bbox 594 1544 644 1610; x_wconf 89' lang='lat' dir='ltr'><strong>De</strong></span> <span class='ocrx_word' id='word_1_41' title='bbox 666 1543 815 1612; x_wconf 81' lang='lat' dir='ltr'><strong>Numerio</strong></span> <span class='ocrx_word' id='word_1_42' title='bbox 837 1552 869 1612; x_wconf 90' lang='lat' dir='ltr'><strong>et</strong></span> <span class='ocrx_word' id='word_1_43' title='bbox 889 1547 1144 1612; x_wconf 79' lang='lat' dir='ltr'><strong>Deuteronomio.</strong></span> 
     </span>
    </p>
   </div>
   <div class='ocr_carea' id='block_1_6' title="bbox 216 1719 1525 1992">
    <p class='ocr_par' dir='ltr' id='par_1_6' title="bbox 216 1719 1525 1992">
     <span class='ocr_line' id='line_1_8' title="bbox 216 1719 1525 1814; baseline 0.004 -23"><span class='ocrx_word' id='word_1_44' title='bbox 216 1719 220 1728; x_wconf 79' lang='grc'><strong>’</strong></span> <span class='ocrx_word' id='word_1_45' title='bbox 299 1727 388 1792; x_wconf 88' lang='lat' dir='ltr'><strong>Zoob</strong></span> <span class='ocrx_word' id='word_1_46' title='bbox 418 1727 530 1794; x_wconf 80' lang='lat' dir='ltr'><strong>ciuitas</strong></span> <span class='ocrx_word' id='word_1_47' title='bbox 551 1730 795 1796; x_wconf 80' lang='lat' dir='ltr'><strong>Amorrneorum</strong></span> <span class='ocrx_word' id='word_1_48' title='bbox 825 1732 885 1795; x_wconf 82' lang='lat' dir='ltr'><strong>site</strong></span> <span class='ocrx_word' id='word_1_49' title='bbox 913 1731 948 1795; x_wconf 92' lang='lat' dir='ltr'><strong>in</strong></span> <span class='ocrx_word' id='word_1_50' title='bbox 968 1732 1110 1808; x_wconf 86' lang='lat' dir='ltr'><strong>Amone,</strong></span> <span class='ocrx_word' id='word_1_51' title='bbox 1142 1732 1180 1794; x_wconf 89' lang='lat' dir='ltr'><strong>de</strong></span> <span class='ocrx_word' id='word_1_52' title='bbox 1207 1751 1269 1814; x_wconf 84' lang='lat' dir='ltr'><strong>qus</strong></span> <span class='ocrx_word' id='word_1_53' title='bbox 1290 1729 1442 1814; x_wconf 84' lang='lat' dir='ltr'><strong>seriptum</strong></span> <span class='ocrx_word' id='word_1_54' title='bbox 1465 1734 1525 1796; x_wconf 88' lang='lat' dir='ltr'><strong>est:</strong></span> 
     </span>
     <span class='ocr_line' id='line_1_9' title="bbox 220 1827 1524 1911; baseline 0.005 -24"><span class='ocrx_word' id='word_1_55' title='bbox 220 1831 403 1911; x_wconf 73' lang='lat' dir='ltr'><strong>»propterea</strong></span> <span class='ocrx_word' id='word_1_56' title='bbox 424 1829 539 1893; x_wconf 84' lang='lat' dir='ltr'><strong>dieitur</strong></span> <span class='ocrx_word' id='word_1_57' title='bbox 558 1829 592 1893; x_wconf 92' lang='lat' dir='ltr'><strong>in</strong></span> <span class='ocrx_word' id='word_1_58' title='bbox 613 1828 707 1896; x_wconf 90' lang='lat' dir='ltr'><strong>libro:</strong></span> <span class='ocrx_word' id='word_1_59' title='bbox 729 1829 847 1896; x_wconf 91' lang='lat' dir='ltr'><strong>bellum</strong></span> <span class='ocrx_word' id='word_1_60' title='bbox 868 1831 988 1895; x_wconf 89' lang='lat' dir='ltr'><strong>domini</strong></span> <span class='ocrx_word' id='word_1_61' title='bbox 1000 1828 1086 1894; x_wconf 87' lang='lat' dir='ltr'><strong>Zoob</strong></span> <span class='ocrx_word' id='word_1_62' title='bbox 1100 1827 1310 1893; x_wconf 72' lang='lat' dir='ltr'><strong>inflammeuit</strong></span> <span class='ocrx_word' id='word_1_63' title='bbox 1324 1833 1356 1894; x_wconf 88' lang='lat' dir='ltr'><strong>et</strong></span> <span class='ocrx_word' id='word_1_64' title='bbox 1368 1834 1524 1894; x_wconf 76' lang='lat' dir='ltr'><strong>torrentes</strong></span> 
     </span>
     <span class='ocr_line' id='line_1_10' title="bbox 217 1927 356 1992; baseline 0.022 -2"><span class='ocrx_word' id='word_1_65' title='bbox 217 1927 356 1992; x_wconf 79' lang='lat' dir='ltr'><strong>Arnon«.</strong></span> 
     </span>
    </p>
   </div>
   <div class='ocr_carea' id='block_1_7' title="bbox 168 2025 1096 2211">
    <p class='ocr_par' dir='ltr' id='par_1_7' title="bbox 168 2025 1096 2211">
     <span class='ocr_line' id='line_1_11' title="bbox 168 2025 1096 2113; baseline 0 -23"><span class='ocrx_word' id='word_1_66' title='bbox 168 2039 200 2094; x_wconf 89' lang='lat'><strong>10</strong></span> <span class='ocrx_word' id='word_1_67' title='bbox 299 2025 432 2091; x_wconf 82' lang='lat' dir='ltr'><strong>Zefrone</strong></span> <span class='ocrx_word' id='word_1_68' title='bbox 452 2026 604 2093; x_wconf 86' lang='lat' dir='ltr'><strong>terminus</strong></span> <span class='ocrx_word' id='word_1_69' title='bbox 625 2027 758 2094; x_wconf 82' lang='lat' dir='ltr'><strong>Iudaeae</strong></span> <span class='ocrx_word' id='word_1_70' title='bbox 780 2032 820 2092; x_wconf 85' lang='lat' dir='ltr'><strong>nd</strong></span> <span class='ocrx_word' id='word_1_71' title='bbox 841 2029 1096 2113; x_wconf 75' lang='lat' dir='ltr'><strong>septentrionem.</strong></span> 
     </span>
     <span class='ocr_line' id='line_1_12' title="bbox 299 2125 970 2211; baseline 0.004 -21"><span class='ocrx_word' id='word_1_72' title='bbox 299 2125 405 2192; x_wconf 83' lang='lat' dir='ltr'><strong>Zered.</strong></span> <span class='ocrx_word' id='word_1_73' title='bbox 447 2127 540 2192; x_wconf 75' lang='lat' dir='ltr'><strong>uallis</strong></span> <span class='ocrx_word' id='word_1_74' title='bbox 561 2125 659 2192; x_wconf 83' lang='lat' dir='ltr'><strong>Zered</strong></span> <span class='ocrx_word' id='word_1_75' title='bbox 680 2126 713 2192; x_wconf 87' lang='lat' dir='ltr'><strong>in</strong></span> <span class='ocrx_word' id='word_1_76' title='bbox 734 2133 823 2211; x_wconf 82' lang='lat' dir='ltr'><strong>perte</strong></span> <span class='ocrx_word' id='word_1_77' title='bbox 844 2127 970 2193; x_wconf 83' lang='lat' dir='ltr'><strong>deserti.</strong></span> 
     </span>
    </p>
   </div>
   <div class='ocr_carea' id='block_1_8' title="bbox 741 2375 994 2442">
    <p class='ocr_par' dir='ltr' id='par_1_8' title="bbox 741 2375 994 2442">
     <span class='ocr_line' id='line_1_13' title="bbox 741 2375 994 2442; baseline -0.012 -2"><span class='ocrx_word' id='word_1_78' title='bbox 741 2375 790 2441; x_wconf 89' lang='lat' dir='ltr'><strong>De</strong></span> <span class='ocrx_word' id='word_1_79' title='bbox 811 2375 893 2442; x_wconf 90' lang='lat' dir='ltr'><strong>libro</strong></span> <span class='ocrx_word' id='word_1_80' title='bbox 914 2375 994 2442; x_wconf 89' lang='lat' dir='ltr'><strong>Iesu.</strong></span> 
     </span>
    </p>
   </div>
   <div class='ocr_carea' id='block_1_9' title="bbox 163 2524 1521 3108">
    <p class='ocr_par' dir='ltr' id='par_1_9' title="bbox 163 2524 1521 3108">
     <span class='ocr_line' id='line_1_14' title="bbox 296 2524 632 2593; baseline 0.012 -4"><span class='ocrx_word' id='word_1_81' title='bbox 296 2524 349 2590; x_wconf 86' lang='lat' dir='ltr'><strong>Zif</strong></span> <span class='ocrx_word' id='word_1_82' title='bbox 366 2527 401 2591; x_wconf 91' lang='lat' dir='ltr'><strong>in</strong></span> <span class='ocrx_word' id='word_1_83' title='bbox 421 2526 507 2591; x_wconf 91' lang='lat' dir='ltr'><strong>tribu</strong></span> <span class='ocrx_word' id='word_1_84' title='bbox 528 2526 632 2593; x_wconf 76' lang='lat' dir='ltr'><strong>Iudae.</strong></span> 
     </span>
     <span class='ocr_line' id='line_1_15' title="bbox 296 2625 1521 2712; baseline 0.001 -21"><span class='ocrx_word' id='word_1_85' title='bbox 296 2625 445 2691; x_wconf 83' lang='lat' dir='ltr'><strong>Zannous</strong></span> <span class='ocrx_word' id='word_1_86' title='bbox 475 2627 508 2690; x_wconf 90' lang='lat' dir='ltr'><strong>in</strong></span> <span class='ocrx_word' id='word_1_87' title='bbox 537 2627 622 2692; x_wconf 84' lang='lat' dir='ltr'><strong>tribu</strong></span> <span class='ocrx_word' id='word_1_88' title='bbox 643 2626 748 2692; x_wconf 79' lang='lat' dir='ltr'><strong>Iudae.</strong></span> <span class='ocrx_word' id='word_1_89' title='bbox 789 2648 890 2710; x_wconf 90' lang='lat' dir='ltr'><strong>usque</strong></span> <span class='ocrx_word' id='word_1_90' title='bbox 920 2629 1015 2692; x_wconf 90' lang='lat' dir='ltr'><strong>hodie</strong></span> <span class='ocrx_word' id='word_1_91' title='bbox 1045 2627 1077 2692; x_wconf 92' lang='lat' dir='ltr'><strong>in</strong></span> <span class='ocrx_word' id='word_1_92' title='bbox 1104 2627 1219 2692; x_wconf 88' lang='lat' dir='ltr'><strong>finibus</strong></span> <span class='ocrx_word' id='word_1_93' title='bbox 1240 2625 1521 2712; x_wconf 82' lang='lat' dir='ltr'><strong>Eleutheropoleos</strong></span> 
     </span>
     <span class='ocr_line' id='line_1_16' title="bbox 163 2725 1019 2811; baseline 0.004 -22"><span class='ocrx_word' id='word_1_94' title='bbox 163 2743 196 2796; x_wconf 78' lang='lat'><strong>15</strong></span> <span class='ocrx_word' id='word_1_95' title='bbox 213 2726 418 2809; x_wconf 81' lang='lat' dir='ltr'><strong>pergentibus</strong></span> <span class='ocrx_word' id='word_1_96' title='bbox 437 2725 564 2791; x_wconf 81' lang='lat' dir='ltr'><strong>Aelium</strong></span> <span class='ocrx_word' id='word_1_97' title='bbox 585 2725 663 2792; x_wconf 85' lang='lat' dir='ltr'><strong>uilla</strong></span> <span class='ocrx_word' id='word_1_98' title='bbox 684 2725 791 2791; x_wconf 81' lang='lat' dir='ltr'><strong>Zenue</strong></span> <span class='ocrx_word' id='word_1_99' title='bbox 811 2730 1019 2811; x_wconf 85' lang='lat' dir='ltr'><strong>nunoupntur.</strong></span> 
     </span>
     <span class='ocr_line' id='line_1_17' title="bbox 296 2823 1521 2912; baseline 0.002 -23"><span class='ocrx_word' id='word_1_100' title='bbox 296 2823 349 2889; x_wconf 89' lang='lat' dir='ltr'><strong>Zif</strong></span> <span class='ocrx_word' id='word_1_101' title='bbox 374 2825 408 2889; x_wconf 90' lang='lat' dir='ltr'><strong>in</strong></span> <span class='ocrx_word' id='word_1_102' title='bbox 429 2829 541 2890; x_wconf 85' lang='lat' dir='ltr'><strong>ooteuo</strong></span> <span class='ocrx_word' id='word_1_103' title='bbox 563 2825 698 2891; x_wconf 82' lang='lat' dir='ltr'><strong>miliario</strong></span> <span class='ocrx_word' id='word_1_104' title='bbox 721 2825 866 2892; x_wconf 82' lang='lat' dir='ltr'><strong>Ohebron</strong></span> <span class='ocrx_word' id='word_1_105' title='bbox 893 2831 1002 2892; x_wconf 79' lang='lat' dir='ltr'><strong>eontra</strong></span> <span class='ocrx_word' id='word_1_106' title='bbox 1024 2827 1176 2892; x_wconf 85' lang='lat' dir='ltr'><strong>orientem</strong></span> <span class='ocrx_word' id='word_1_107' title='bbox 1198 2847 1297 2912; x_wconf 87' lang='lat' dir='ltr'><strong>usque</strong></span> <span class='ocrx_word' id='word_1_108' title='bbox 1319 2827 1352 2891; x_wconf 93' lang='lat' dir='ltr'><strong>in</strong></span> <span class='ocrx_word' id='word_1_109' title='bbox 1374 2849 1521 2910; x_wconf 76' lang='lat' dir='ltr'><strong>praesens</strong></span> 
     </span>
     <span class='ocr_line' id='line_1_18' title="bbox 212 2922 1521 3003; baseline 0.001 -16"><span class='ocrx_word' id='word_1_110' title='bbox 212 2922 302 2989; x_wconf 87' lang='lat' dir='ltr'><strong>uious</strong></span> <span class='ocrx_word' id='word_1_111' title='bbox 324 2924 511 3003; x_wconf 84' lang='lat' dir='ltr'><strong>ostenditur,</strong></span> <span class='ocrx_word' id='word_1_112' title='bbox 531 2924 586 2991; x_wconf 92' lang='lat' dir='ltr'><strong>ubi</strong></span> <span class='ocrx_word' id='word_1_113' title='bbox 608 2927 818 2991; x_wconf 77' lang='lat' dir='ltr'><strong>abscondibus</strong></span> <span class='ocrx_word' id='word_1_114' title='bbox 840 2931 888 2990; x_wconf 90' lang='lat' dir='ltr'><strong>est</strong></span> <span class='ocrx_word' id='word_1_115' title='bbox 909 2924 1022 2991; x_wconf 86' lang='lat' dir='ltr'><strong>Deuid.</strong></span> <span class='ocrx_word' id='word_1_116' title='bbox 1065 2927 1128 2992; x_wconf 84' lang='lat' dir='ltr'><strong>fuit</strong></span> <span class='ocrx_word' id='word_1_117' title='bbox 1148 2932 1253 2992; x_wconf 85' lang='lat' dir='ltr'><strong>eutem</strong></span> <span class='ocrx_word' id='word_1_118' title='bbox 1273 2927 1307 2992; x_wconf 91' lang='lat' dir='ltr'><strong>in</strong></span> <span class='ocrx_word' id='word_1_119' title='bbox 1328 2925 1467 2990; x_wconf 77' lang='lat' dir='ltr'><strong>Daroma</strong></span> <span class='ocrx_word' id='word_1_120' title='bbox 1487 2925 1521 2989; x_wconf 92' lang='lat' dir='ltr'><strong>in</strong></span> 
     </span>
     <span class='ocr_line' id='line_1_19' title="bbox 211 3022 639 3108; baseline 0.005 -21"><span class='ocrx_word' id='word_1_121' title='bbox 211 3023 328 3089; x_wconf 87' lang='lat' dir='ltr'><strong>finibus</strong></span> <span class='ocrx_word' id='word_1_122' title='bbox 349 3022 639 3108; x_wconf 85' lang='lat' dir='ltr'><strong>Eleutheropoloos.</strong></span> 
     </span>
    </p>
   </div>
   <div class='ocr_carea' id='block_1_10' title="bbox 680 3305 1052 3391">
    <p class='ocr_par' dir='ltr' id='par_1_10' title="bbox 680 3305 1052 3391">
     <span class='ocr_line' id='line_1_20' title="bbox 680 3305 1052 3391; baseline 0.003 -20"><span class='ocrx_word' id='word_1_123' title='bbox 680 3305 728 3371; x_wconf 89' lang='lat' dir='ltr'><strong>De</strong></span> <span class='ocrx_word' id='word_1_124' title='bbox 750 3305 932 3391; x_wconf 79' lang='lat' dir='ltr'><strong>Regnorum</strong></span> <span class='ocrx_word' id='word_1_125' title='bbox 953 3306 1052 3372; x_wconf 90' lang='lat' dir='ltr'><strong>libris.</strong></span> 
     </span>
    </p>
   </div>
   <div class='ocr_carea' id='block_1_11' title="bbox 153 3488 1519 3875">
    <p class='ocr_par' dir='ltr' id='par_1_11' title="bbox 153 3488 1519 3875">
     <span class='ocr_line' id='line_1_21' title="bbox 153 3488 1518 3574; baseline -0.001 -18"><span class='ocrx_word' id='word_1_126' title='bbox 153 3507 196 3562; x_wconf 77' lang='lat'><strong>‚20</strong></span> <span class='ocrx_word' id='word_1_127' title='bbox 294 3488 350 3554; x_wconf 71' lang='lat' dir='ltr'><strong>Zif</strong></span> <span class='ocrx_word' id='word_1_128' title='bbox 392 3513 484 3555; x_wconf 92' lang='lat' dir='ltr'><strong>mons</strong></span> <span class='ocrx_word' id='word_1_129' title='bbox 506 3489 670 3574; x_wconf 77' lang='lat' dir='ltr'><strong>squalidus</strong></span> <span class='ocrx_word' id='word_1_130' title='bbox 691 3491 743 3556; x_wconf 87' lang='lat' dir='ltr'><strong>uel</strong></span> <span class='ocrx_word' id='word_1_131' title='bbox 764 3489 905 3574; x_wconf 77' lang='lat' dir='ltr'><strong>caligans</strong></span> <span class='ocrx_word' id='word_1_132' title='bbox 926 3490 994 3556; x_wconf 88' lang='lat' dir='ltr'><strong>siue</strong></span> <span class='ocrx_word' id='word_1_133' title='bbox 1014 3491 1186 3557; x_wconf 87' lang='lat' dir='ltr'><strong>nebulosus</strong></span> <span class='ocrx_word' id='word_1_134' title='bbox 1207 3491 1295 3555; x_wconf 83' lang='lat' dir='ltr'><strong>iuxta</strong></span> <span class='ocrx_word' id='word_1_135' title='bbox 1316 3489 1378 3571; x_wconf 84' lang='lat' dir='ltr'><strong>Zif,</strong></span> <span class='ocrx_word' id='word_1_136' title='bbox 1399 3490 1432 3554; x_wconf 93' lang='lat' dir='ltr'><strong>in</strong></span> <span class='ocrx_word' id='word_1_137' title='bbox 1455 3512 1518 3574; x_wconf 90' lang='lat' dir='ltr'><strong>qno</strong></span> 
     </span>
     <span class='ocr_line' id='line_1_22' title="bbox 212 3587 1519 3674; baseline 0.002 -21"><span class='ocrx_word' id='word_1_138' title='bbox 212 3589 293 3654; x_wconf 87' lang='lat' dir='ltr'><strong>sedit</strong></span> <span class='ocrx_word' id='word_1_139' title='bbox 306 3587 411 3654; x_wconf 85' lang='lat' dir='ltr'><strong>Dauid</strong></span> <span class='ocrx_word' id='word_1_140' title='bbox 433 3593 561 3673; x_wconf 86' lang='lat' dir='ltr'><strong>propter</strong></span> <span class='ocrx_word' id='word_1_141' title='bbox 582 3588 787 3665; x_wconf 80' lang='lat' dir='ltr'><strong>Chermelam,</strong></span> <span class='ocrx_word' id='word_1_142' title='bbox 810 3612 892 3674; x_wconf 87' lang='lat' dir='ltr'><strong>queo</strong></span> <span class='ocrx_word' id='word_1_143' title='bbox 913 3590 947 3655; x_wconf 90' lang='lat' dir='ltr'><strong>in</strong></span> <span class='ocrx_word' id='word_1_144' title='bbox 968 3589 1132 3674; x_wconf 83' lang='lat' dir='ltr'><strong>seripturis</strong></span> <span class='ocrx_word' id='word_1_145' title='bbox 1151 3589 1312 3657; x_wconf 80' lang='lat' dir='ltr'><strong>Carmelus</strong></span> <span class='ocrx_word' id='word_1_146' title='bbox 1334 3588 1519 3674; x_wconf 79' lang='lat' dir='ltr'><strong>appelletur.</strong></span> 
     </span>
     <span class='ocr_line' id='line_1_23' title="bbox 211 3688 1519 3772; baseline 0.001 -20"><span class='ocrx_word' id='word_1_147' title='bbox 211 3688 299 3754; x_wconf 85' lang='lat' dir='ltr'><strong>uieus</strong></span> <span class='ocrx_word' id='word_1_148' title='bbox 321 3690 414 3754; x_wconf 91' lang='lat' dir='ltr'><strong>hodie</strong></span> <span class='ocrx_word' id='word_1_149' title='bbox 435 3689 630 3770; x_wconf 83' lang='lat' dir='ltr'><strong>Iudaeorum,</strong></span> <span class='ocrx_word' id='word_1_150' title='bbox 652 3692 735 3754; x_wconf 90' lang='lat' dir='ltr'><strong>unde</strong></span> <span class='ocrx_word' id='word_1_151' title='bbox 756 3689 819 3754; x_wconf 75' lang='lat' dir='ltr'><strong>tuit</strong></span> <span class='ocrx_word' id='word_1_152' title='bbox 832 3688 938 3756; x_wconf 85' lang='lat' dir='ltr'><strong>Nobel</strong></span> <span class='ocrx_word' id='word_1_153' title='bbox 953 3689 1134 3756; x_wconf 81' lang='lat' dir='ltr'><strong>Carmelius.</strong></span> <span class='ocrx_word' id='word_1_154' title='bbox 1170 3692 1225 3755; x_wconf 90' lang='lat' dir='ltr'><strong>sed</strong></span> <span class='ocrx_word' id='word_1_155' title='bbox 1247 3695 1279 3754; x_wconf 90' lang='lat' dir='ltr'><strong>et</strong></span> <span class='ocrx_word' id='word_1_156' title='bbox 1300 3711 1381 3754; x_wconf 86' lang='lat' dir='ltr'><strong>unus</strong></span> <span class='ocrx_word' id='word_1_157' title='bbox 1404 3692 1442 3754; x_wconf 90' lang='lat' dir='ltr'><strong>de</strong></span> <span class='ocrx_word' id='word_1_158' title='bbox 1463 3711 1519 3772; x_wconf 92' lang='lat' dir='ltr'><strong>po·</strong></span> 
     </span>
     <span class='ocr_line' id='line_1_24' title="bbox 211 3787 1099 3875; baseline 0.005 -23"><span class='ocrx_word' id='word_1_159' title='bbox 211 3790 302 3853; x_wconf 86' lang='lat' dir='ltr'><strong>eteris</strong></span> <span class='ocrx_word' id='word_1_160' title='bbox 325 3787 422 3853; x_wconf 85' lang='lat' dir='ltr'><strong>Celeb</strong></span> <span class='ocrx_word' id='word_1_161' title='bbox 444 3789 546 3854; x_wconf 85' lang='lat' dir='ltr'><strong>dietus</strong></span> <span class='ocrx_word' id='word_1_162' title='bbox 569 3794 617 3854; x_wconf 88' lang='lat' dir='ltr'><strong>est</strong></span> <span class='ocrx_word' id='word_1_163' title='bbox 637 3787 694 3854; x_wconf 89' lang='lat' dir='ltr'><strong>Zif.</strong></span> <span class='ocrx_word' id='word_1_164' title='bbox 731 3789 803 3875; x_wconf 82' lang='lat' dir='ltr'><strong>lege</strong></span> <span class='ocrx_word' id='word_1_165' title='bbox 824 3789 1099 3874; x_wconf 79' lang='lat' dir='ltr'><strong>Paralipomenon.</strong></span> 
     </span>
    </p>
   </div>
   <div class='ocr_carea' id='block_1_12' title="bbox 211 4559 1518 4735">
    <p class='ocr_par' dir='ltr' id='par_1_12' title="bbox 211 4559 1518 4735">
     <span class='ocr_line' id='line_1_25' title="bbox 296 4559 1518 4620; baseline 0.002 -6"><span class='ocrx_word' id='word_1_166' title='bbox 296 4559 399 4614; x_wconf 69' lang='lat' dir='ltr'><strong>theto</strong></span> <span class='ocrx_word' id='word_1_167' title='bbox 415 4561 470 4616; x_wconf 83' lang='lat' dir='ltr'><strong>AO</strong></span> <span class='ocrx_word' id='word_1_168' title='bbox 493 4562 602 4616; x_wconf 85' lang='lat' dir='ltr'><strong>ethsB</strong></span> <span class='ocrx_word' id='word_1_169' title='bbox 681 4563 825 4618; x_wconf 65' lang='lat' dir='ltr'><strong>tzofoim</strong></span> <span class='ocrx_word' id='word_1_170' title='bbox 842 4563 901 4618; x_wconf 80' lang='grc' dir='ltr'><strong>ΑΗ</strong></span> <span class='ocrx_word' id='word_1_171' title='bbox 967 4564 1005 4620; x_wconf 76' lang='lat'><strong>18</strong></span> <span class='ocrx_word' id='word_1_172' title='bbox 1023 4563 1068 4618; x_wconf 82' lang='lat' dir='ltr'><strong>Zif</strong></span> <span class='ocrx_word' id='word_1_173' title='bbox 1082 4564 1125 4618; x_wconf 85' lang='lat' dir='ltr'><strong>Lo</strong></span> <span class='ocrx_word' id='word_1_174' title='bbox 1154 4563 1197 4619; x_wconf 86' lang='lat' dir='ltr'><strong>Zit</strong></span> <span class='ocrx_word' id='word_1_175' title='bbox 1218 4561 1325 4619; x_wconf 83' lang='lat' dir='ltr'><strong><em>ABOH</em></strong></span> <span class='ocrx_word' id='word_1_176' title='bbox 1392 4564 1430 4619; x_wconf 79' lang='lat'><strong>14</strong></span> <span class='ocrx_word' id='word_1_177' title='bbox 1449 4564 1518 4617; x_wconf 83' lang='lat' dir='ltr'><strong>Zen-</strong></span> 
     </span>
     <span class='ocr_line' id='line_1_26' title="bbox 211 4661 1110 4735; baseline 0.002 -16"><span class='ocrx_word' id='word_1_178' title='bbox 211 4663 304 4718; x_wconf 81' lang='lat' dir='ltr'><strong>nohue</strong></span> <span class='ocrx_word' id='word_1_179' title='bbox 322 4661 444 4732; x_wconf 81' lang='lat' dir='ltr'><em>(A)G(H)</em></span> <span class='ocrx_word' id='word_1_180' title='bbox 515 4664 552 4719; x_wconf 83' lang='lat'><strong>15</strong></span> <span class='ocrx_word' id='word_1_181' title='bbox 571 4665 683 4718; x_wconf 83' lang='lat' dir='ltr'><strong>Zenuue</strong></span> <span class='ocrx_word' id='word_1_182' title='bbox 704 4664 728 4720; x_wconf 84' lang='lat'><strong><em>0</em></strong></span> <span class='ocrx_word' id='word_1_183' title='bbox 794 4666 833 4722; x_wconf 73' lang='lat'><strong>⁶28</strong></span> <span class='ocrx_word' id='word_1_184' title='bbox 850 4665 1060 4735; x_wconf 74' lang='lat' dir='ltr'><strong>paralipomena</strong></span> <span class='ocrx_word' id='word_1_185' title='bbox 1078 4668 1110 4721; x_wconf 88' lang='lat' dir='ltr'><em>H</em></span> 
     </span>
    </p>
   </div>
   <div class='ocr_carea' id='block_1_13' title="bbox 0 0 1894 5536">
    <p class='ocr_par' dir='ltr' id='par_1_13' title="bbox 0 0 1894 5536">
     <span class='ocr_line' id='line_1_27' title="bbox 0 0 1894 5536; baseline 0 0"><span class='ocrx_word' id='word_1_186' title='bbox 0 0 1894 5536; x_wconf 95' lang='lat' dir='ltr'><strong> </strong></span> 
     </span>
    </p>
   </div>
  </div>
 </body>
</html>
