3752 5542
819 494 1007 565 Hieronymus.
1529 503 1568 564 35

164 668 250 723 ΑΘΗ
343 659 542 726 Afesdomim
563 661 619 725 ubi
640 662 805 727 dimieauih
819 661 903 742 Saul,
924 685 981 746 pro
1005 684 1068 746 quo
1084 661 1201 746 Aquila
1221 661 1444 746 interpretatus
1466 667 1513 727 est
1534 664 1567 726 in

260 758 376 824 finibus
397 759 567 826 Dommim.

342 857 505 942 annegeb,
528 864 614 944 quod
629 860 747 945 Aquila
761 866 911 941 austrum,
934 861 1141 944 Symmachus
1155 861 1319 925 meridiem
1332 860 1567 926 transtulerunt.

342 957 436 1022 Arihh
458 959 514 1023 ubi
532 959 614 1024 sedit
627 959 740 1024 Dauid
773 965 820 1025 esi
833 960 912 1024 uilla
925 961 1026 1025 Aralh
1041 961 1168 1026 nomine
1186 964 1226 1025 ad
1241 961 1434 1026 occidentem
1449 959 1566 1026 Aeliae.

226 1169 242 1221 5
343 1157 474 1239 Aialim,
503 1182 561 1243 pro
593 1182 655 1243 quo
678 1160 795 1244 Aquila
824 1163 987 1228 transtulit
1013 1185 1190 1242 seruorum,
1221 1161 1419 1229 Theodohion
1444 1162 1567 1247 lapides

260 1280 432 1324 ceruorum.

342 1361 479 1437 Aendor,
511 1381 590 1443 quae
613 1360 713 1425 estin
734 1359 863 1441 Iezreel,
893 1362 948 1426 ubi
978 1361 1037 1426 filii
1058 1360 1155 1427 lsrael
1185 1384 1218 1426 se
1240 1365 1280 1426 ad
1301 1360 1457 1444 proelium
1477 1384 1566 1446 prae·

259 1463 404 1540 parantes
427 1462 530 1523 eastra
550 1463 730 1543 posuerunt.
766 1465 796 1525 el
817 1465 865 1525 est
879 1462 1036 1546 hodieque
1053 1462 1180 1546 grandis
1194 1460 1203 1545 Γ
1217 1461 1306 1526 uicus
1322 1461 1457 1542 Aendor,
1478 1462 1566 1526 iuxta
1583 1477 1616 1531 97

259 1563 399 1623 montem
420 1556 548 1623 Thabor
569 1562 608 1623 ad
629 1560 791 1624 meridiem
813 1561 846 1624 in
868 1564 979 1644 quarto
1001 1561 1146 1627 miliario,

191 1666 248 1720 AO
343 1656 424 1722 Alae
445 1657 533 1722 iuxta
554 1659 684 1723 Aendor
703 1657 856 1736 Iezreelis,
876 1661 933 1724 ubi
954 1660 1117 1725 dimieauil
1138 1659 1222 1725 Saul.

342 1857 440 1921 Arma
462 1861 502 1922 ad
525 1881 618 1943 quem
638 1858 744 1925 locum
765 1859 938 1944 spoliorum
960 1864 1081 1944 partem
1101 1861 1188 1926 misit
1209 1861 1322 1925 Dauid

337 1956 474 2022 Atheah.
516 1962 557 2022 ad
577 1959 661 2024 hune
683 1981 809 2044 quoque
835 1959 942 2025 locum
964 1959 1069 2023 Dauid
1090 1963 1224 2042 praedae
1245 1966 1367 2044 partem
1388 1961 1482 2026 misih

341 2057 511 2121 Ammaia
533 2060 690 2122 desertum
709 2061 855 2126 euntibus
878 2059 1015 2125 Gabaon.

340 2157 468 2221 Aethon
480 2158 606 2236 Adasai,
621 2179 678 2241 pro
694 2178 756 2241 quo
767 2157 974 2240 Symmachus
984 2159 1207 2242 interpretatus
1223 2160 1562 2226 estinferioremuiam.

225 2267 237 2278 '
340 2255 424 2320 Area
446 2255 556 2336 Ornae,
577 2257 655 2321 haee
677 2261 725 2322 est
745 2256 923 2322 Ierusalem.

338 2356 440 2419 Assur
461 2347 573 2420 ciuitas
594 2353 735 2436 Iudaeae,
759 2379 853 2440 quam
876 2357 1055 2422 aedifieeuih
1073 2356 1229 2424 Salomon.

338 2555 526 2620 Abelmaula
547 2559 623 2622 urbs
645 2558 736 2623 unius
753 2560 790 2622 de
805 2558 1001 2641 principibus
1017 2558 1203 2638 Solomonia,
1225 2563 1309 2624 unde
1324 2559 1385 2624 fuit
1399 2558 1560 2626 Elissaeus

256 2655 388 2739 profeta.
432 2660 479 2720 est
509 2662 615 2722 auiam
644 2680 728 2722 nune
757 2658 847 2724 uicus
868 2658 902 2721 iu
924 2657 1059 2738 Aulone,
1090 2661 1128 2723 de
1151 2679 1213 2742 quo
1235 2679 1330 2741 supra
1352 2659 1499 2740 diximus,
1530 2660 1563 2724 iu

257 2755 379 2819 decimo
409 2753 635 2840 aSeythopoli
666 2756 802 2821 miliario
833 2761 942 2822 eontra
973 2756 1141 2823 australem
1171 2757 1298 2840 plagam
1319 2760 1444 2823 nomine
1465 2759 1563 2824 Beth-

207 2865 241 2921 20
257 2855 370 2919 maula.
415 2857 470 2919 sed
501 2859 532 2920 eh
559 2855 713 2921 Abelmea
742 2854 854 2920 uillula
883 2861 1084 2940 nuncupatur
1116 2859 1199 2920 inter
1229 2855 1398 2941 Neapolim
1428 2862 1460 2922 eh
1485 2857 1563 2941 Sey-

255 2954 419 3037 lhopolim.

334 3053 506 3119 Auohhiair
528 3053 640 3119 ciuitas
662 3053 755 3120 unius
777 3058 815 3118 de
838 3055 971 3120 ducibus
994 3055 1181 3120 Salomonis.

337 3153 447 3218 ailath
478 3175 572 3236 super
600 3152 677 3219 litus
707 3155 795 3219 rubri
825 3155 920 3220 maris
950 3155 983 3218 iu
1005 3158 1088 3218 terra
1109 3154 1226 3235 Edom,
1259 3159 1298 3220 de
1320 3177 1383 3239 qua
1413 3161 1444 3221 eh
1470 3178 1564 3240 supra

256 3252 376 3317 dietum
399 3257 453 3318 est.

205 3361 238 3416 25
339 3351 466 3432 Aeloth,
488 3374 582 3436 quam
605 3353 720 3418 struxit
736 3353 875 3418 Azarias
905 3405 907 3408 .

341 3452 461 3516 Aenda.
504 3452 596 3517 huius
616 3459 811 3537 expugnator
832 3457 927 3536 alque
948 3456 1116 3519 subuersor
1137 3453 1204 3517 Asa
1225 3476 1278 3518 rex
1299 3453 1367 3517 fuih.

343 4456 358 4510 1
377 4451 580 4510 Afesdommim
597 4455 630 4510 H
693 4457 711 4512 5
729 4455 818 4511 Achia
837 4453 902 4510 alim
920 4457 946 4510 A
964 4454 1017 4510 Aia
1035 4455 1101 4510 alim
1123 4455 1282 4511 OAhialim
1299 4457 1331 4510 H
1402 4457 1420 4513 8
1437 4456 1519 4513 hodia
1541 4459 1564 4513 Ο

258 4558 295 4613 12
314 4557 461 4612 Athlan
511 4557 549 4612 13
567 4556 674 4614 deserto
697 4559 720 4613 O
787 4557 1046 4626 17fu1t1÷era
1095 4558 1132 4613 lo
1152 4557 1316 4612 Bethmaula
1339 4557 1461 4612 Vullorsi
1476 4559 1559 4614 Bath-

256 4657 320 4712 aula
337 4657 391 4712 Ao
458 4658 496 4714 25
515 4658 601 4714 Aloth
619 4661 644 4713 A
711 4659 852 4728 l'axlruxit
874 4659 897 4714 Ο

1313 4746 1348 4799 3*
