3780 5536
794 518 984 587 Hieronymus.
1485 524 1540 584 121

140 691 221 746 ΑΘΗ
320 683 448 749 Carioth
471 685 504 748 in
526 687 654 770 regione
676 687 897 764 Moabitarum,
920 685 1001 749 sieut
1020 683 1168 750 Ieremias
1191 685 1308 750 scribit.

316 783 506 850 Cafarnaum
531 785 620 850 iuxta
641 793 789 870 stagnum
812 786 972 851 Gennesar
993 807 1093 869 usque
1115 785 1207 849 hodie
1230 787 1381 867 oppidum
1402 787 1436 849 in
1460 785 1543 850 Gali·

236 883 304 948 laea
335 885 476 968 gentium
499 885 594 949 situm
616 885 649 950 in
676 887 792 951 finibus
814 884 955 951 Zabulon
986 891 1017 949 et
1043 884 1229 951 Neithalim.

320 1089 478 1166 Hucusque
496 1109 551 1166 per
570 1091 595 1150 0
613 1090 752 1164 litterum,
775 1091 869 1150 idest
897 1091 1044 1150 &aeuum
1058 1089 1172 1165 Korope,
1194 1091 1282 1167 leqere
1300 1089 1451 1150 debemus:
1473 1091 1540 1148 erio

199 1189 283 1264 5per
304 1188 476 1249 elementum
500 1189 564 1263 Gli,
594 1191 673 1268 quod
704 1191 917 1266 aspirationem
938 1190 973 1248 ia
994 1208 1024 1249 se
1045 1190 1172 1248 eontinet
1189 1195 1216 1248 et
1235 1209 1254 1249 o
1275 1189 1397 1248 Latinis
1417 1190 1543 1248 minime

234 1287 366 1363 babetur,
396 1289 582 1348 ammodum
597 1291 712 1367 puriter
733 1308 767 1348 ae
782 1291 945 1365 haeredum.

791 1553 838 1616 De
862 1553 983 1618 Genesi.
1560 1574 1608 1627 135

314 1666 394 1732 Lasa
415 1670 566 1733 terminus
589 1668 849 1734 Chananaeorum
871 1671 955 1735 eirea
977 1670 1155 1735 Sodomam.

316 1766 399 1832 Luna
427 1768 460 1832 in
481 1769 565 1833 tribu
588 1767 767 1850 Beniamin,
798 1791 891 1852 quam
914 1775 1023 1852 postea
1044 1770 1140 1834 Iacob
1162 1770 1400 1853 cognominauit
1420 1769 1541 1834 Bathel.

182 1882 216 1936 10
233 1872 280 1932 est
302 1873 407 1932 autem
436 1889 536 1951 usque
567 1869 660 1934 bodie
682 1869 760 1933 uilla
780 1869 814 1932 in
836 1867 963 1933 sinistra
984 1873 1073 1951 parte
1098 1870 1169 1934 uiae
1192 1872 1229 1934 da
1251 1867 1387 1951 Neapoli
1409 1889 1541 1952 pergan-

231 1965 316 2032 tibus
337 1966 470 2032 Aeliam.

314 2065 410 2144 buza3
441 2068 518 2132 haee
548 2067 647 2132 altare
669 2073 727 2146 ast,
759 2090 838 2151 quae
861 2067 974 2132 oeoidit
995 2069 1028 2131 in
1049 2073 1166 2132 sortem
1188 2067 1327 2146 filiorum
1349 2067 1436 2133 losef
1453 2068 1541 2131 iuxta

233 2165 368 2247 Sychem
389 2168 423 2231 in
445 2167 540 2232 tertio
562 2165 668 2250 lapide
691 2167 779 2244 Νέας
801 2157 946 2245 πόλεως.

314 2263 415 2332 Lotan
437 2265 512 2329 urbs
534 2268 650 2331 dueum
673 2267 784 2333 Edom.

182 2455 214 2508 15
609 2430 658 2495 De
680 2431 830 2496 Numerio
852 2436 883 2497 et
904 2432 1162 2497 Deuteronomio.

314 2546 440 2612 Lebona
461 2548 494 2612 in
517 2552 639 2614 deserto
663 2555 765 2614 eastra
786 2547 925 2612 filiorum
947 2546 1051 2612 lsrael.

312 2646 422 2713 Lobon
443 2647 532 2713 loeus
555 2647 733 2714 solitudinis
755 2654 841 2712 trans
863 2646 1039 2726 Iordanem,
1060 2646 1093 2710 in
1116 2668 1178 2729 quo
1202 2646 1328 2730 Moyses
1343 2645 1538 2711 Deuterono-

229 2747 327 2812 mium
350 2746 436 2831 legit.

759 2913 808 2976 De
829 2911 911 2976 libro
933 2911 1013 2976 lesu.

180 3041 214 3096 20
314 3026 426 3093 Laebis
455 3029 489 3093 in
519 3030 604 3094 tribu
625 3028 729 3094 ludae.
773 3031 827 3093 sed
859 3033 890 3093 et
911 3030 991 3093 bana
1013 3031 1097 3112 oepit
1118 3028 1205 3093 lesus
1226 3048 1301 3112 rege
1323 3029 1422 3111 ipsius
1443 3029 1539 3093 inter-

230 3128 322 3192 feoto.
365 3129 508 3193 meminit
529 3131 623 3194 huius
645 3128 755 3194 Esaias
778 3133 810 3192 et
830 3126 986 3194 Ieremias.
1024 3133 1055 3194 et
1077 3151 1159 3194 nuno
1182 3134 1229 3194 est
1250 3128 1328 3192 uilla
1348 3130 1382 3192 in
1403 3129 1538 3212 septimo

228 3227 364 3292 miliario
386 3230 425 3293 ab
446 3226 686 3311 Eleutheropoli
708 3229 854 3293 euntibus
876 3227 1054 3293 Daromam.

311 3389 428 3494 Labna¹
438 3431 472 3493 in
493 3429 579 3494 tribu
600 3428 695 3494 Iudae
723 3429 834 3493 ciuitas
857 3429 1070 3508 sacerdotalis
1114 3451 1209 3512 quam
1231 3430 1333 3494 tenuit
1354 3427 1442 3494 lesus
1465 3449 1538 3513 rege

229 3529 315 3594 illius
337 3529 511 3594 interfecto.
548 3551 632 3594 nune
654 3534 702 3594 est
721 3528 800 3593 uilla
814 3529 847 3592 in
863 3529 990 3613 regione
1005 3528 1322 3611 Eleutheropolitana
1339 3550 1419 3611 quae
1432 3528 1538 3612 appel·

178 3639 211 3694 25
228 3627 312 3692 latur
329 3628 443 3696 Lobna.
488 3630 599 3696 soribit
621 3632 658 3694 de
680 3630 739 3694 heo
761 3634 792 3692 et
813 3627 932 3693 Esaias.

310 4523 371 4577 aa.
390 4521 446 4592 vgl.
466 4522 490 4575 S.
509 4524 549 4588 41,
569 4523 678 4585 20-43,
696 4525 713 4578 8

313 4692 331 4746 8
350 4691 496 4746 Sodomam
523 4690 644 4744 Vallorsr'
661 4691 788 4746 Sidonem
808 4689 891 4744 ΑΘΗ
