3750 5540
785 517 975 587 Hieronymus.
1480 524 1538 585 165

132 698 215 752 ΑΘΗ
312 689 432 772 Sychar
463 692 535 751 ante
558 685 727 769 Neapolim
757 690 845 750 ruxta
876 705 988 768 agrum
1019 707 1112 768 quem
1144 685 1230 748 dedit
1256 685 1353 750 Iacob
1384 685 1450 750 filio
1481 706 1538 748 suo

228 788 322 868 Iesos,
352 789 385 852 in
420 809 483 872 quo
514 787 661 851 dominus
693 790 800 849 noster
831 790 925 868 atque
958 785 1098 849 saluator
1130 789 1302 849 secundum
1328 783 1539 869 Euangelium

228 888 353 953 Ioannis
370 887 584 952 Samaritanae
605 884 730 949 mulieri
753 888 792 947 ad
814 888 945 967 puteum
966 883 1115 967 loquitur,
1137 889 1191 948 aba
1211 909 1292 949 uuae
1306 890 1423 950 ecclesio
1443 889 1539 965 fatri-

227 998 291 1053 cotc
310 997 361 1052 ast.

195 1323 237 1388 511
794 1302 842 1366 Da
865 1299 986 1366 Genesi.
1559 1314 1608 1368 155

314 1454 418 1537 Tigris
440 1454 557 1518 fluuius
579 1458 618 1520 de
640 1456 784 1532 paradiso
807 1454 913 1520 exiens
928 1453 1016 1517 iuxta
1031 1451 1203 1534 scripturae
1219 1451 1322 1526 fidem,
1344 1469 1540 1534 pergensque

231 1557 339 1618 contra
361 1554 518 1637 Assyrios,
549 1558 580 1619 et
601 1561 674 1638 post
695 1555 811 1620 multos
834 1552 993 1631 circuitus,
1022 1555 1059 1615 ut
1080 1549 1150 1614 uult
1171 1549 1301 1630 Iosefus‚
1329 1549 1362 1613 in
1384 1572 1469 1614 mare
1490 1573 1542 1613 ru·

229 1655 321 1718 brum
351 1653 495 1718 influens.
537 1659 670 1720 uocatur
699 1659 804 1719 autem
835 1655 895 1718 hoe
923 1651 1050 1716 nomine
1071 1653 1201 1733 propter
1221 1649 1422 1714 uelocItatem
1442 1652 1543 1715 instar

232 1754 351 1818 bestiae
373 1753 472 1817 nimia
492 1754 677 1836 pernicitate
700 1754 861 1819 currentis.

182 1868 215 1920 10
315 1851 526 1917 Terebinthus
556 1853 589 1918 in
612 1853 744 1932 Sicimis,
774 1854 832 1916 sub
855 1875 918 1936 qua
939 1851 1105 1917 abscondit
1125 1848 1220 1913 Iacob
1242 1848 1327 1913 idola
1348 1848 1437 1912 iuxta
1458 1845 1542 1913 Nea-

231 1953 338 2036 polim.

763 2133 808 2198 De
830 2133 912 2198 libro
936 2135 1015 2198 Iesu.

315 2282 395 2347 Tina
417 2282 450 2346 in
471 2284 557 2348 tribu
579 2284 683 2350 Iudae.

316 2381 424 2447 TeIem
448 2383 481 2447 in
502 2383 588 2447 tribu
610 2383 715 2449 Iudae.

200 2539 205 2555 ,
317 2481 419 2547 Tesan
440 2483 473 2547 in
495 2483 580 2547 tribu
601 2482 706 2548 Iudae.

318 2580 420 2664 Tyrus
441 2581 473 2646 in
496 2583 581 2648 tribu
603 2581 788 2648 Nefthatim.

725 2764 773 2827 De
795 2764 877 2829 libro
898 2761 1050 2828 Iudicum.

318 2913 442 2978 Tabath
464 2915 519 2978 ubi
540 2920 716 2998 pugnatum
738 2918 786 2978 est
807 2917 957 2978 aduersus
977 2911 1123 2975 Modiam.

318 3013 386 3078 Tob
409 3019 491 3078 terra
512 3015 545 3078 in
568 3036 631 3098 qua
652 3013 808 3078 habitauit
829 3012 957 3077 Iefthae.

183 3131 216 3186 ρο
317 3111 434 3178 Tofeth
456 3112 489 3175 in
510 3111 595 3176 ualle
617 3112 756 3178 fitiorum
777 3111 911 3191 Ennom,
932 3112 988 3176 ubi
1009 3109 1146 3194 populus
1168 3108 1266 3174 Israel
1288 3111 1430 3192 gentium
1452 3109 1546 3175 rimu-

232 3211 318 3275 lacra
340 3217 515 3277 ueneratur.
559 3215 607 3276 est
628 3219 733 3277 autem
754 3211 843 3277 Iocus
865 3213 898 3276 in
920 3211 1109 3276 suburbanis
1138 3208 1316 3281 Ierusalem,

315 3310 410 3376 Tanis
433 3311 545 3375 ciuitas
560 3311 707 3394 Aegypti,
728 3312 810 3376 sicut
830 3311 946 3376 Iesaias
969 3314 999 3375 et
1021 3309 1171 3375 Iezechiel
1191 3307 1348 3373 scribunt.

316 3409 431 3474 Tafnas
454 3410 565 3474 ciuitas
588 3410 737 3493 Aegypti.
779 3411 851 3494 lege
873 3410 953 3475 Osee
976 3414 1007 3474 et
1028 3406 1232 3474 Iezechielem
1254 3411 1285 3472 at
1307 3407 1478 3472 Ieremiam.
1515 3409 1548 3472 in

232 3511 292 3574 hac
327 3510 549 3574 habitauerunt
578 3501 688 3573 Iudaei
720 3511 775 3594 qui
806 3511 847 3575 ob
882 3514 1002 3576 metum
1034 3506 1285 3590 Babyloniorum
1317 3528 1388 3571 cum
1418 3507 1550 3572 Ieremia

183 3618 217 3672 25
235 3610 388 3694 fugerant.

320 4120 379 4175 ln.
398 4119 455 4188 vgl.
473 4120 548 4175 Hier.
567 4122 673 4187 quaest.
691 4117 720 4172 in
739 4119 799 4173 Gen
817 4118 842 4174 S.
861 4119 908 4184 66,
927 4117 990 4173 off„
1018 4116 1119 4172 Sicima
1144 4115 1223 4171 iuxta
1240 4133 1368 4186 graecam
1386 4118 1415 4169 et
1432 4115 1549 4169 latinam

233 4220 459 4276 consuetudinem
472 4220 613 4275 declinata
630 4222 679 4291 eet,
700 4197 824 4288 alioquin
836 4219 964 4274 hebraica
982 4221 1099 4287 Sychem
1114 4217 1222 4286 dicitur,
1240 4219 1272 4272 ut
1283 4217 1422 4271 Iohannes
1441 4233 1550 4285 quoque

234 4320 407 4391 euangelista
424 4324 549 4386 tentatur,
575 4321 642 4375 licet
659 4320 759 4376 uitiosa
776 4322 808 4374 ut
820 4321 924 4390 Sychar
942 4320 1053 4390 legatur
1070 4336 1145 4374 error
1163 4318 1292 4383 inoleuit;
1310 4318 1366 4388 vgl.
1386 4333 1426 4388 ep.
1445 4316 1548 4396 1,08,13

234 4425 275 4479 20
284 4424 316 4480 ff.
335 4424 392 4492 vgl.
410 4424 485 4479 Hier.
504 4439 601 4478 comm.
621 4423 650 4477 in
669 4423 715 4477 Jer
733 4424 757 4488 7,
776 4422 834 4478 auf.

320 4575 357 4629 21
377 4574 559 4629 uenerabatur
576 4573 619 4628 Lu
700 4574 738 4628 25
757 4573 896 4644 fugerant]
919 4573 1030 4627 fuerunt
1048 4573 1071 4626 A
1091 4570 1199 4640 profugi
1217 4570 1297 4624 arant
1317 4569 1388 4632 0-1-
1406 4567 1447 4621 De
1465 4583 1547 4621 euan-

234 4676 307 4746 gelio
332 4675 373 4728 Vc
