3780 5536
784 517 975 587 Hieronymus.
1496 525 1535 588 85

159 691 214 747 Ao
309 683 437 752 Esebon
460 685 572 750 ciuitas
587 685 671 752 Seon
691 687 775 772 regis
789 687 1035 753 Amorraaorum
1055 685 1088 750 in
1107 689 1191 749 terra
1205 683 1333 754 Galead.
1368 708 1449 770 quae
1464 707 1535 752 cum

227 785 339 851 diisset
359 789 431 850 ante
445 785 667 867 Moabitarum,
688 787 727 850 ab
746 786 927 852 Amorraeia
948 785 1024 851 belli
1044 785 1111 850 iure
1130 805 1274 868 possessa
1296 789 1351 850 est
1393 787 1536 852 meminit

227 885 321 950 huius
342 884 502 964 Ieremias,
532 883 642 951 Esaias
673 907 799 971 quoque
827 886 861 950 in
890 885 1013 952 uisione
1043 889 1153 951 contra
1180 883 1286 950 Moab.
1326 907 1420 969 porro
1452 907 1536 950 nunc

226 989 358 1048 uocatur
372 982 485 1064 Esbus,
499 987 575 1050 urbs
589 984 723 1068 insignis
739 986 874 1050 Arabiae
888 987 923 1050 in
936 984 1106 1064 montibus,
1126 985 1270 1068 quisunt
1284 987 1392 1050 contra
1405 984 1537 1064 Iericho,

192 1097 209 1150 5
227 1083 342 1168 uiginti
363 1084 402 1149 ab
423 1083 432 1166 i}
453 1083 588 1150 Iordane
610 1084 738 1150 milibus
760 1085 888 1150 distans.
930 1085 991 1150 fuit
1012 1088 1116 1150 autem
1138 1085 1172 1148 in
1193 1084 1278 1149 trihu
1300 1082 1426 1162 Ruben,
1447 1105 1536 1169 sepe·
1556 1086 1606 1142 118

226 1187 294 1247 rata
314 1181 440 1249 Leuitis.

308 1281 414 1364 Edrai,
435 1281 491 1348 ubi
512 1283 696 1349 interfectus
719 1287 767 1350 est
788 1281 838 1368 Og
858 1305 913 1349 rex
934 1282 1042 1348 Busan
1062 1283 1152 1368 gigne
1175 1288 1206 1348 et
1226 1285 1348 1368 potens,
1370 1283 1534 1367 omnisque

226 1381 313 1448 illius
334 1404 443 1448 cassus
466 1383 630 1448 exercitus.
666 1404 750 1450 nunc
770 1387 876 1448 autem
895 1386 943 1448 est
963 1383 1051 1446 Adra
1070 1381 1203 1468 insignis
1218 1381 1353 1448 Arabiae
1374 1382 1486 1448 ciuitas
1500 1383 1534 1447 in

226 1481 377 1547 uicesimo
400 1486 513 1566 quarto
530 1481 636 1566 lapide
657 1505 676 1547 a
697 1483 820 1549 Bostra.

176 1581 209 1636 10
305 1579 414 1646 Eleele
435 1582 548 1647 ciuitas
565 1583 807 1648 Amorraeorum
828 1582 861 1646 in
877 1580 1004 1661 Galaad,
1025 1603 1106 1665 quae
1128 1581 1242 1646 cecidit
1255 1581 1288 1646 in
1302 1585 1419 1648 sortem
1432 1580 1534 1648 tribus

227 1679 348 1746 Ruben.
389 1681 535 1747 meminit
563 1683 656 1748 huius
687 1686 719 1746 st
739 1680 850 1746 Esaias
879 1681 913 1745 in
934 1680 1055 1747 uisione
1077 1684 1189 1746 contra
1208 1680 1304 1745 Moab
1326 1684 1358 1745 st
1379 1681 1533 1746 Ieremias.

224 1782 277 1844 sed
300 1785 332 1845 et
351 1801 452 1864 usque
473 1781 567 1846 hodie
589 1781 668 1847 uilla
690 1783 817 1865 grandis
835 1780 1011 1847 ostenditur
1031 1779 1066 1844 in
1085 1779 1188 1863 primo
1210 1781 1249 1845 ab
1264 1778 1368 1845 Eshus
1389 1779 1534 1847 miliario.

310 1977 410 2058 Enna,
432 2001 512 2063 quae
535 1984 583 2045 est
603 1982 692 2046 iuxta
713 1983 871 2046 desertum
892 1979 1000 2046 Gades·

307 2077 435 2144 Ermon
476 2101 567 2146 mons
588 2078 718 2160 Idrmon,
739 2101 834 2164 quem
856 2078 1006 2144 Foenices
1028 2077 1252 2162 cognominant
1273 2077 1395 2159 Senior,
1417 2080 1480 2144 iem
1503 2083 1534 2144 et

175 2192 207 2247 15
225 2199 320 2260 supra
340 2178 472 2263 positus.

699 2345 747 2412 De
768 2346 850 2412 libro
874 2345 945 2412 Iesu
966 2344 1067 2412 Naue.

306 2495 509 2574 Emecachor,
541 2499 625 2581 quod
657 2497 882 2580 interpretetur
910 2495 1004 2561 uallis
1024 2496 1133 2563 thor
1160 2502 1194 2562 id
1213 2507 1256 2562 cst
1278 2501 1425 2562 tumultum
1447 2507 1533 2578 atque

223 2599 396 2674 turbarum,
431 2594 487 2659 uhi
514 2599 619 2660 Achae
652 2594 811 2680 lapidibus
843 2617 1011 2680 oppressus
1045 2600 1092 2661 est
1126 2617 1163 2661 eo
1194 2600 1279 2681 quod
1310 2597 1465 2678 quaedam
1495 2598 1533 2659 de

223 2696 421 2760 anathemate
451 2693 640 2761 sustulisset
684 2700 732 2760 est
762 2697 868 2760 autem
900 2695 987 2761 locus
1013 2697 1102 2761 iuxta
1123 2695 1244 2762 Iericho
1271 2697 1356 2760 haud
1382 2694 1493 2779 procul
1515 2717 1533 2758 a

173 2803 207 2858 20
224 2793 374 2878 (ialgalis.
424 2799 501 2858 mole
530 2817 598 2876 cryc
628 2800 751 2877 quidam
775 2804 890 2877 putant
918 2799 1027 2860 uallem
1049 2797 1148 2861 Actor
1177 2819 1196 2860 o
1224 2800 1343 2860 nomine
1371 2799 1451 2872 eiua,
1479 2798 1534 2876 qui

223 2899 374 2977 lapidatus
395 2905 445 2972 eet,
465 2904 675 2976 nuncupatam,
697 2918 761 2959 cum
774 2899 823 2960 reu
838 2901 941 2960 Actora
956 2900 1052 2960 dictae
1065 2900 1106 2960 eit
1117 2905 1144 2960 et
1156 2917 1220 2959 noo
1235 2899 1332 2959 Actor
1345 2898 1412 2957 eice
1426 2897 1531 2957 Ashur.

306 2993 432 3079 Eglom
454 3014 536 3077 quas
557 2999 588 3060 et
602 2992 757 3073 odollam,
778 2993 810 3058 in
833 2993 917 3058 tribu
931 2995 1037 3074 Iudae,
1059 2994 1148 3059 cuius
1170 3012 1275 3078 regem
1290 2992 1416 3058 nomine
1431 2991 1533 3057 Dabir

221 3093 380 3159 interfecIt
395 3093 490 3158 Iesus.
527 3097 575 3158 est
596 3098 701 3160 autem
723 3115 806 3158 nune
827 3092 905 3158 uilla
926 3095 1110 3178 pergrandis
1131 3093 1165 3157 in
1179 3091 1366 3158 duodecimo
1382 3093 1421 3158 ab
1435 3091 1532 3158 Eleu-

221 3191 378 3276 theropoli
399 3191 505 3276 lapide
526 3196 636 3258 contra
657 3193 819 3272 orientem,
843 3196 881 3258 de
903 3215 966 3277 qua
988 3198 1020 3259 et
1040 3215 1135 3276 supra
1156 3191 1301 3258 diximus

120 3291 209 3347 ΑΘΗ
303 3293 312 3375 II
334 3291 467 3371 Inemec,
490 3315 548 3376 pro
570 3313 633 3376 quo
656 3291 775 3377 Aquila
798 3296 830 3357 et
851 3291 1059 3376 Symmachus
1080 3290 1309 3357 transtulenmt
1329 3291 1363 3355 in
1376 3290 1467 3356 valle.
1548 3299 1597 3354 133

151 3401 205 3457 Ao
303 3393 311 3478 Η
332 3394 455 3472 Esrom,
478 3413 558 3474 quac
573 3395 604 3456 et
619 3391 709 3472 Aser,
730 3391 819 3456 iuxta
834 3414 972 3457 eremum
987 3392 1021 3456 in
1034 3391 1119 3458 trihu
1134 3391 1238 3468 Iudae,
1260 3392 1299 3456 de
1312 3411 1375 3474 qua
1390 3394 1422 3456 et
1434 3411 1530 3474 supra
1547 3395 1597 3450 118

220 3491 417 3558 dictumest

303 3590 445 3656 Enacim.
487 3595 519 3656 et
548 3590 581 3655 in
607 3592 666 3656 hac
695 3590 856 3656 interfecit
880 3590 967 3656 Issus
996 3589 1129 3656 Enacim
1159 3590 1304 3674 gigantes
1332 3591 1371 3654 ds
1400 3589 1529 3675 regione

221 3695 371 3756 montana
393 3691 427 3754 in
448 3689 602 3756 chebron.
645 3696 698 3756 aed
717 3695 796 3756 mihi
815 3695 934 3756 uidetur
954 3713 1017 3755 noo
1038 3713 1099 3756 ease
1120 3711 1230 3754 nomen
1251 3693 1306 3753 loci
1319 3693 1458 3767 EnacIm,
1480 3695 1531 3755 aed

167 3805 201 3860 30
218 3795 418 3854 habitatorum
444 3794 585 3855 Ohebrcn.

307 4585 408 4641 eante
426 4592 459 4644 <
477 4584 525 4670 A¹
583 4584 719 4656 thgnns
737 4584 809 4654 A(O)
881 4586 916 4643 ll
937 4583 1108 4664 ethuiusQ
1195 4587 1235 4642 20
1253 4586 1300 4656 qni
1317 4587 1460 4656 putantis
1478 4585 1526 4654 qui

219 4685 343 4756 putetO
375 4737 378 4748 ,
409 4684 447 4742 21
467 4683 638 4740 nominatam
660 4685 683 4740 O
956 4705 957 4710 ¹
