3762 5516
761 496 952 566 Hieronymus.
1456 503 1513 564 109

105 665 196 720 ΑΟΠ
292 665 394 729 lether
425 664 457 727 in
486 663 571 728 tribu
592 663 688 729 Iudae
719 665 830 728 ciuitas
861 664 1072 730 sacerdotalis.
1118 669 1149 727 et
1173 686 1258 729 nuno
1279 669 1326 729 est
1347 664 1425 728 uilla
1446 686 1514 746 per-

210 767 335 849 grandis
358 763 475 827 Iethira
495 764 621 828 nomine
643 765 676 828 in
693 764 843 829 uicesimo
857 764 993 830 miliario
1008 763 1300 847 Eleutheropoleos:
1322 764 1514 829 habitatores

209 887 334 948 quoque
357 865 423 927 eius
446 886 553 929 omnes
576 863 747 929 Christiani
768 869 849 930 eunt.
884 865 945 928 sita
967 867 1138 928 astantem
1161 865 1194 927 in
1216 862 1358 928 interiori
1377 862 1514 928 Daroma

206 967 296 1028 iuxta
317 963 490 1027 Malathan.
532 963 668 1028 diximus
691 967 728 1027 de
751 965 809 1028 hac
832 969 863 1028 et
884 985 988 1046 supra.

171 1070 188 1120 5
290 1063 401 1128 lanum
430 1063 462 1126 in
493 1064 578 1127 tribu
599 1061 703 1128 Iudae.
746 1066 793 1127 est
823 1063 900 1128 uilla
921 1063 1020 1127 lanua
1040 1063 1073 1126 in
1095 1062 1188 1126 tertio
1209 1062 1345 1126 miliario
1366 1060 1515 1146 legionis

207 1171 315 1228 eontra
337 1161 508 1227 meridiem.
552 1165 606 1256 sed
628 1185 691 1227 non
713 1165 839 1228 uidetur
860 1163 929 1246 ipsa
951 1184 1018 1226 esse
1041 1184 1122 1246 quae
1144 1163 1300 1227 scribitur.

287 1364 376 1429 letan
398 1363 430 1427 in
461 1363 547 1427 trihu
568 1361 667 1427 Iudae
698 1363 809 1428 ciuitas
832 1361 1044 1426 sacerdotalis.
1088 1367 1136 1426 est
1156 1363 1312 1446 hodieque
1334 1362 1424 1426 uieus
1446 1384 1515 1445 per·

208 1465 335 1548 grandis
351 1463 539 1526 ludaeorum
554 1463 587 1526 in
602 1469 714 1528 octauo
732 1464 852 1527 decimo
868 1462 974 1544 lapide
989 1463 1028 1526 ab
1038 1461 1277 1544 Eleutheropoli
1292 1465 1332 1525 ad
1347 1461 1517 1526 australem

207 1567 327 1646 partem
349 1563 383 1626 in
405 1561 551 1626 Daroma.

157 1677 190 1729 10
290 1660 406 1727 lesrael
426 1663 459 1726 in
480 1663 565 1726 tribu
586 1661 692 1726 Iudae.
735 1663 789 1724 sed
812 1684 875 1726 non
899 1667 946 1726 est
966 1661 1037 1744 ipsa
1059 1681 1139 1743 quae
1161 1683 1264 1744 supra.

291 1761 406 1826 lenrael
425 1763 458 1826 in
479 1763 564 1826 tribu
588 1761 739 1825 blanasse.
783 1761 939 1844 hodieque
965 1760 1150 1844 pergrandis
1176 1760 1266 1825 uious
1288 1761 1464 1826 ostenditur
1484 1762 1517 1825 in

208 1883 318 1943 eampo
344 1861 481 1926 maximo
512 1861 594 1924 inter
616 1860 834 1942 Scythopolim
866 1866 897 1926 et
921 1859 1104 1945 Legionem:
1136 1861 1199 1924 fuit
1228 1865 1334 1924 autem
1364 1859 1517 1925 terminus

208 1959 357 2024 issachar.
400 1963 454 2025 sed
477 1965 508 2025 et
530 1981 610 2024 unus
634 1964 671 2023 de
693 1961 827 2043 posteris
849 1959 1008 2036 Efrathae‚
1030 1960 1112 2024 sieut
1133 1959 1166 2023 in
1187 1959 1451 2042 Paralipomenon
1474 1958 1517 2022 le·

209 2061 324 2142 gimus,
347 2065 479 2125 uocatus
502 2064 548 2124 est
569 2059 695 2124 Iezreel.

159 2275 190 2326 15
293 2259 427 2324 leedaan
449 2261 482 2323 in
504 2260 588 2324 tribu
611 2259 713 2324 ludae.

292 2358 415 2424 lellethi
436 2360 469 2423 in
492 2358 576 2423 tribu
598 2358 690 2424 losef.

292 2457 368 2523 lano
390 2460 424 2521 in
446 2459 530 2522 tribu
544 2457 674 2523 Efraim.
704 2460 784 2523 hane
807 2479 933 2542 quoque
949 2457 1032 2540 oepit
1047 2479 1101 2522 rex
1115 2457 1326 2540 Assyriorum.
1364 2462 1395 2522 et
1409 2458 1515 2522 hodie·

210 2581 270 2640 que
299 2563 389 2623 uiuus
420 2559 595 2622 ostenditur
616 2558 693 2622 Iano
715 2559 747 2621 in
769 2558 973 2622 Aerahittena
994 2557 1123 2642 regione
1153 2559 1186 2622 in
1207 2557 1392 2621 duodecimo
1413 2556 1516 2640 lapide

210 2656 405 2740 Neaspoleos
427 2662 537 2722 eontra
558 2658 718 2722 orientem.

157 2771 191 2822 :tr
292 2757 402 2836 lamia,
424 2779 480 2839 pro
503 2778 566 2840 quo
588 2757 707 2840 Aquila
727 2762 759 2822 et
780 2756 988 2840 Symmachus
1010 2757 1255 2839 interpretantur
1277 2757 1444 2821 dexteram.

291 2856 391 2936 laseb,
412 2880 470 2940 pro
492 2878 555 2940 quo
578 2855 715 2921 Hebraei
737 2856 929 2920 habitatores
951 2855 1069 2939 legunt.

292 2953 431 3020 leblaem
451 2957 484 3019 in
506 2957 590 3020 tribu
614 2955 765 3030 Manasse,
788 2959 826 3019 de
848 2977 911 3038 qua
932 2955 1122 3038 alienigenas
1144 2977 1208 3019 non
1229 2954 1330 3020 ualuit
1353 2955 1516 3038 expellere.

290 3153 385 3217 Ierlel
406 3153 438 3216 in
460 3154 545 3218 tribu
567 3153 742 3219 Beniamin.

291 3250 397 3316 leenal
418 3253 451 3317 in
472 3253 559 3316 trihu
580 3252 729 3332 Zabulon,
750 3253 869 3318 heuitis
892 3253 1005 3316 ciuitas
1027 3257 1177 3335 separata.

160 3473 192 3526 25
293 3451 407 3516 lalthie
427 3451 461 3514 in
483 3451 569 3514 tribu
590 3449 737 3518 Zabulon.
778 3475 863 3518 nune
884 3475 984 3537 usque
1005 3449 1103 3534 Ioppe
1125 3458 1257 3516 uocatur
1279 3475 1425 3518 aseensus
1440 3451 1516 3518 Iafo.

211 3553 265 3614 sed
288 3554 319 3614 et
340 3551 491 3634 oppidum
513 3548 716 3632 Syeaminum
737 3553 863 3618 nornine
891 3557 930 3618 de
952 3553 1112 3636 Caesarea
1132 3550 1363 3617 Ptolemaidem
1386 3567 1584 3635 pergen-134

211 3648 296 3712 tibus
318 3671 412 3732 super
433 3671 518 3713 mare
539 3655 667 3732 propter
688 3655 828 3716 montem
852 3651 1030 3719 Carmelum
1053 3650 1115 3716 Ele
1136 3653 1259 3715 dieitur.

297 4283 378 4341 1011.
397 4284 452 4354 vgl.
470 4285 543 4342 Hier.
561 4305 658 4342 comm.
677 4289 706 4341 in
724 4290 780 4345 Hos
800 4294 822 4349 1.
840 4289 892 4344 Si:
920 4290 1029 4345 Iezreel.
1066 4293 1107 4345 est
1134 4293 1226 4345 autem
1245 4291 1341 4346 ciuitas
1360 4293 1518 4363 metropolis

211 4384 306 4438 decem
325 4385 454 4450 tribuum,
472 4387 502 4439 in
520 4405 575 4457 qua
592 4389 752 4445 interiectus
770 4395 811 4445 est
824 4391 935 4446 Naboth

296 4567 524 4625 4MalathamA
577 4573 743 4628 blanunO
793 4576 1046 4630 llethandBClI
1105 4577 1142 4630 10
1152 4576 1175 4631 i.
1191 4594 1263 4645 quae
1282 4595 1372 4648 supra.
1408 4579 1518 4649 Iezreel]

212 4685 282 4736 quae
301 4668 401 4725 lazrael
419 4673 558 4742 Berzsrdro²
577 4675 647 4729 doch
666 4675 721 4745 vgl.
741 4675 766 4730 S.
786 4677 843 4738 108,
862 4677 894 4730 12
957 4677 996 4731 18
1013 4674 1126 4732 Eltatae
1144 4679 1279 4747 Afflopr
1334 4680 1370 4734 lu
1388 4679 1474 4735 Iefleti
1493 4682 1525 4734 H
