3780 5536
778 447 969 515 Hieronymus

131 844 214 900 ΑΘΗ
226 839 235 918 {t
738 833 787 896 De
808 831 1031 896 Pentateucho.
1553 840 1602 895 108

310 983 464 1049 Carnaim.
508 985 659 1049 Astaroth
688 983 840 1048 Carnaim.
883 1004 967 1048 nunc
997 983 1086 1047 uicus
1117 987 1164 1048 est
1194 984 1323 1066 grandis
1354 983 1387 1046 in
1418 984 1534 1068 angulo

226 1083 416 1162 Batanaeae‚
439 1089 470 1148 et
492 1084 670 1167 appellatur
691 1083 830 1149 Carnaea
852 1087 938 1148 trans
960 1082 1078 1147 fluenta
1099 1083 1254 1163 Iordanis,
1276 1085 1469 1166 traduntque
1490 1083 1536 1148 ibi

226 1183 324 1247 fuisse
355 1182 484 1247 domum
505 1181 570 1248 Iob.
614 1187 668 1247 sed
700 1187 731 1246 et
761 1204 856 1264 supra
877 1181 1077 1272 meminimus
1100 1181 1257 1246 Carnaeae
1279 1181 1377 1246 uiculi
1397 1183 1431 1246 in
1452 1205 1536 1247 nono

194 1291 210 1344 δ
229 1282 268 1345 ab
291 1282 383 1347 Aelia
405 1281 548 1348 miliario.

160 1489 213 1544 Ao
313 1480 420 1559 CadeS,
442 1481 497 1546 ubi
519 1481 590 1545 fons
612 1481 720 1544 iudicii
743 1484 798 1558 est,
820 1485 850 1544 et
865 1479 965 1544 Codes
980 1481 1083 1544 Berne
1105 1480 1137 1544 in
1153 1484 1285 1561 deserto,
1308 1504 1388 1566 quae
1408 1483 1538 1546 coniun-

229 1581 315 1666 gitur
345 1581 466 1644 ciuitati
489 1579 601 1644 Petrae
631 1580 664 1643 in
687 1579 812 1643 Arabia.
855 1578 910 1642 ubi
941 1580 1089 1644 occubuit
1110 1579 1218 1658 Maria,
1251 1586 1281 1645 et
1304 1580 1430 1663 Moyses
1461 1603 1538 1664 rupe

227 1703 375 1764 percussa
396 1701 511 1763 equam
533 1679 652 1743 sitienti
674 1678 791 1761 populo
806 1679 899 1742 dedit.
939 1684 1132 1743 monstratur
1152 1680 1271 1744 ibidem
1286 1680 1433 1764 usquein
1449 1703 1537 1764 pree·

227 1786 347 1846 sentem
371 1780 454 1843 diem
475 1777 653 1861 sepulcrum
675 1779 801 1842 Mariae.
845 1780 952 1842 sedet
974 1779 1131 1861 principes
1153 1777 1284 1842 Amalec
1305 1779 1351 1843 ibi
1372 1779 1538 1846 aChodol-

179 1894 211 1948 10
228 1881 374 1964 legemor
395 1878 478 1944 caesi
500 1882 581 1942 sunt.

128 1987 211 2042 ΑΘΗ
312 1978 396 2044 Oene
418 1977 506 2062 regio
528 1976 707 2059 principum
721 1975 949 2041 Idumaeorum.

312 2077 503 2144 Cariatboim
526 2076 645 2155 ciuitas
668 2097 763 2159 quam
786 2080 1006 2141 exstruxerunt
1027 2076 1086 2142 filii
1108 2075 1229 2140 Ruben.
1258 2099 1342 2141 nunc
1364 2082 1468 2142 autem
1491 2084 1538 2144 est

228 2180 317 2242 uicus
349 2176 534 2242 Christianis
564 2176 710 2239 omnibus
740 2175 853 2240 florens
888 2176 976 2240 iuxta
1001 2178 1169 2242 Medabam
1199 2177 1309 2240 urbem
1340 2177 1476 2242 Arabiae
1507 2184 1539 2243 et

230 2277 406 2361 appellatur
428 2276 595 2342 Coraiatha
624 2275 658 2338 in
688 2277 808 2340 decimo
839 2275 975 2342 miliario
997 2276 1194 2358 supradictae
1216 2276 1303 2341 urbis
1326 2281 1434 2341 contre
1456 2279 1538 2342 occi-

179 2392 212 2444 15
230 2377 385 2442 dentalem
407 2376 542 2460 plagam,
565 2375 688 2439 uicinus
712 2376 778 2439 eius
800 2374 871 2453 loci,
894 2377 949 2459 qui
970 2375 1147 2460 appellatur
1169 2374 1257 2441 Bare.

313 2475 523 2555 cariatharbe,
544 2475 578 2538 id
600 2480 646 2538 est
667 2473 780 2538 uillula
801 2480 957 2557 quattuor,
988 2497 1067 2559 quae
1090 2481 1121 2540 et
1148 2473 1305 2540 Cbebron:
1328 2478 1365 2540 de
1389 2476 1537 2559 quoiam

227 2598 323 2658 supra
347 2576 492 2640 diximus.

311 2677 320 2749 t,
342 2674 462 2740 Canatb
484 2673 575 2740 uicus
598 2674 741 2752 Arabiae,
772 2672 828 2757 qui
849 2696 932 2738 nunc
955 2672 1096 2738 Canatha
1118 2675 1245 2754 dicitur,
1277 2697 1370 2758 quem
1393 2697 1464 2739 cum
1487 2697 1535 2741 ce·
1555 2692 1603 2747 109

229 2775 327 2858 pisset
345 2773 376 2838 N
379 2777 466 2848 abau,
489 2773 662 2857 appellauit
677 2772 815 2838 Naboth.
851 2773 1031 2837 mirantem
1047 2773 1080 2836 in
1097 2774 1181 2837 tribu
1199 2773 1344 2839 Manasse
1359 2775 1392 2838 in
1408 2776 1536 2859 regione

179 2887 213 2941 20
230 2873 453 2938 Trachonitide
474 2875 562 2938 iuxta
584 2873 740 2938 Bostram.

311 4268 370 4323 on.
388 4267 444 4338 vgl.
462 4269 535 4322 Hier.
553 4285 650 4323 comm.
663 4267 692 4320 in
704 4265 742 4319 Ea
755 4269 796 4334 38,
815 4269 848 4322 23
857 4266 898 4320 ff.:
918 4266 1003 4321 Gades
1022 4268 1122 4332 autem,
1142 4283 1211 4334 quae
1230 4265 1258 4318 in
1270 4264 1341 4318 libro
1355 4264 1434 4317 losue
1446 4263 1537 4334 appel·

226 4370 300 4424 latur
318 4370 515 4434 Codes-Barna,
533 4369 562 4422 in
581 4369 688 4424 deserto
708 4367 839 4437 estquod
858 4368 1014 4422 extenditur
1029 4385 1116 4436 usque
1135 4366 1170 4420 ad
1188 4367 1284 4420 urbem
1302 4366 1413 4419 Petram

314 4521 349 4575 ll
371 4520 389 4573 l.
409 4499 515 4576 Cenez‘?
561 4521 598 4575 14
618 4519 766 4574 Ooroiatha
783 4519 837 4572 Ao
851 4518 996 4572 Eoraiatat
1014 4518 1058 4571 Η*
1078 4519 1127 4585 (tc
1145 4516 1194 4584 Hl)
1250 4516 1286 4570 lo
1304 4513 1416 4568 Cariath
1439 4513 1538 4568 arbeae

238 4621 354 4689 ΛΜΗ)
410 4621 541 4690 tuillula]
562 4620 703 4674 ciuitasO
771 4619 808 4674 18
828 4619 971 4673 Conuatha
990 4619 1047 4673 BH
1061 4615 1251 4672 ChanathaO
1314 4701 1330 4754 8

280 4705 399 4749 Eusebius
414 4706 456 4749 111.
