3780 5536
782 491 973 561 Hieronymus.
1493 501 1532 564 65

129 666 213 724 AOH
310 659 441 745 Gorgasi
467 660 580 726 oiuitas
606 665 692 726 trans
719 659 885 726 Iordanem
910 660 1018 725 iunota
1043 661 1144 726 monti
1166 659 1292 739 Galaad,
1315 683 1411 746 quam
1432 662 1534 727 tenuit

224 762 325 826 tribus
346 759 500 826 Manasae.
530 765 561 826 et
582 762 660 826 haee
682 782 749 826 esse
770 781 854 825 nuno
876 759 990 825 dieitur
1005 760 1129 839 Gerasa,
1150 761 1225 826 urbs
1240 761 1373 845 insignia
1388 761 1533 827 Arabiae.

224 861 353 945 quidam
374 864 479 924 autem
500 859 603 943 ipsam
624 882 691 926 esse
714 859 869 925 (iaderam
891 861 1064 926 aestimant
1108 863 1163 925 sed
1185 865 1216 925 et
1236 859 1448 944 Euangelium
1469 883 1533 926 me·

223 959 316 1024 minit
338 959 612 1044 Gergessenorum

189 1074 206 1126 5
308 1059 468 1144 Gadgada‚
483 1059 537 1125 ubi
553 1079 706 1142 aquarum
721 1061 874 1124 torrentes
888 1063 969 1124 sunt
1005 1063 1052 1123 est
1066 1063 1171 1123 autem
1191 1058 1282 1126 loeus
1301 1061 1335 1125 in
1357 1059 1533 1126 solitudine.

308 1159 432 1226 Gaulon
454 1159 522 1224 siue
537 1158 648 1224 Gelam
669 1161 703 1223 in
724 1160 809 1224 tribu
829 1159 988 1236 Manasse,
1009 1157 1121 1226 eiuitas
1136 1159 1350 1238 aaoardoltalis
1372 1164 1403 1224 et
1424 1159 1533 1246 fugiti-
1551 1171 1601 1226 126

224 1282 336 1326 uorum
366 1260 400 1324 in
421 1259 550 1343 regione
576 1258 768 1324 Basanitide.
810 1261 865 1324 aed
892 1262 924 1322 et
950 1279 1034 1324 nune
1057 1257 1180 1324 Gaulon
1201 1263 1334 1324 uoeatur
1364 1260 1442 1324 uilla
1462 1283 1532 1345 per-

225 1355 352 1444 grandia
374 1358 407 1423 in
429 1359 597 1436 Batanaea,
625 1380 662 1423 ex
690 1357 777 1422 euius
804 1357 931 1422 nomine
957 1357 1101 1442 attegio
1128 1359 1240 1423 sortita
1265 1358 1455 1425 uooabulum
1478 1365 1535 1426 est.

309 1458 408 1524 Gebal
429 1478 520 1522 mons
542 1457 575 1521 in
597 1461 681 1522 terra
702 1457 963 1541 repromissionis,
982 1457 1039 1522 ubi
1060 1459 1101 1520 ad
1121 1458 1289 1540 imperium
1310 1457 1414 1542 Moysi
1436 1458 1534 1525 altare

176 1571 208 1625 10
226 1561 442 1625 constructum
473 1562 528 1621 est.
571 1561 645 1622 sunt
675 1561 780 1622 autem
809 1559 899 1622 iuxta
923 1557 1047 1623 Ierioho
1073 1559 1135 1622 duo
1161 1562 1284 1622 montes
1306 1559 1404 1623 uioini
1426 1563 1535 1624 eontra

227 1682 260 1724 ae
281 1658 418 1724 inuicem
439 1656 651 1740 respicientes,
667 1679 683 1722 e
699 1657 814 1741 quibus
836 1679 918 1722 unus
941 1655 1066 1721 Garizin
1089 1657 1168 1720 alter
1183 1655 1281 1721 Gebal
1297 1657 1419 1724 dieitur.
1440 1681 1534 1740 porro

225 1757 413 1822 Samaritani
433 1757 626 1822 arbitrantur
646 1759 704 1822 hos
726 1760 805 1823 duos
826 1761 949 1823 montes
970 1755 1060 1820 iuxta
1077 1753 1246 1840 Neapolim
1269 1778 1344 1836 esse,
1366 1760 1421 1822 sed
1442 1759 1535 1823 uehe-

225 1862 347 1922 menter
377 1861 493 1922 errant:
523 1856 696 1940 plurimum
726 1856 809 1922 enim
839 1856 921 1921 inter
949 1878 982 1921 ae
1013 1855 1137 1936 distant,
1163 1876 1221 1921 neo
1245 1860 1379 1940 possunt
1399 1857 1534 1922 inuicem

225 1957 478 2022 benedicentium
499 1956 566 2022 siue
588 1955 844 2021 maledicentium
865 1957 948 2020 inter
969 1976 1001 2020 ae
1023 1955 1125 2019 audiri
1147 1975 1250 2035 00000,
1273 1959 1357 2039 quod
1380 1957 1535 2041 scriptura

176 2069 209 2122 10
227 2061 458 2122 commemorat.

311 2155 435 2221 Garizin
465 2177 554 2220 mona
585 2176 680 2238 super
709 2176 803 2239 quem
833 2157 989 2220 steterunt
1014 2154 1047 2218 hi
1074 2154 1129 2237 qui
1155 2154 1322 2220 maledieta
1346 2157 1536 2226 resonabant

225 2257 314 2321 iuxta
335 2278 430 2339 supra
451 2254 571 2320 dietum
591 2258 731 2320 montem
754 2254 861 2320 Gebal.

310 2355 436 2440 Golgol,
458 2376 539 2438 quae
561 2359 592 2418 et
614 2352 734 2438 Galgal,
755 2355 843 2419 iuxta
865 2375 960 2438 quam
980 2357 1103 2418 montes
1126 2375 1193 2418 esse
1215 2354 1395 2419 scribuntur
1410 2353 1535 2419 Garizin

227 2459 258 2520 et
281 2453 387 2520 Gebal
431 2453 544 2540 Galgal
569 2458 675 2519 autem
703 2453 792 2520 10000
816 2458 863 2519 eat
883 2455 972 2519 iuxta
992 2451 1122 2518 lerioho.
1164 2463 1264 2517 errem
1284 2457 1378 2534 ipitur
1399 2458 1535 2520 Samari-

176 2559 301 2634 201001,
327 2559 383 2636 qui
407 2560 492 2618 lueto
517 2558 673 2636 Neapolim
704 2558 833 2619 Galeria
858 2565 885 2618 et
909 2557 998 2619 Gubul
1021 2563 1136 2617 montes
1161 2555 1307 2616 ostendere
1332 2557 1536 2632 uoluntatem

226 2659 294 2718 illoa
314 2657 401 2719 duale
427 2653 533 2736 Golpal
553 2677 613 2718 esee
633 2658 781 2736 abruptura
803 2665 927 2720 beetur.

310 2753 369 2820 Gai
389 2754 423 2818 in
444 2753 550 2833 Moab,
572 2755 657 2837 quod
677 2753 902 2836 interpretatur
922 2751 1015 2817 uallis
1037 2753 1139 2830 Moab,
1161 2755 1250 2816 iuxta
1271 2751 1386 2835 Fogor,
1411 2750 1466 2815 ubi
1488 2773 1535 2816 se-

226 2854 333 2938 pultus
356 2857 403 2919 est
425 2851 560 2952 Moyses.

754 3017 803 3083 De
824 3017 906 3082 libro
927 3017 1008 3084 Iesu.

176 3163 209 3217 25
310 3151 451 3237 Galgala.
496 3154 572 3218 haee
602 3157 650 3218 est
681 3173 776 3235 quam
806 3172 902 3233 supra
932 3152 1096 3234 posuimus
1128 3149 1250 3236 Golgol,
1281 3154 1320 3216 ad
1351 3149 1535 3216 orientalem

225 3250 354 3335 plagam
376 3251 524 3336 antiquae
539 3252 679 3317 Ieriehus
701 3251 746 3316 oia
766 3249 941 3326 Iordanem,
964 3251 1020 3316 ubi
1040 3249 1128 3316 lesus
1151 3253 1286 3317 seeundo
1301 3250 1454 3334 populum
1476 3252 1535 3314 eir-

314 4667 329 4722 1
351 4663 466 4736 Gorgasi
484 4673 586 4744 B(CH)
657 4673 692 4729 ll
713 4689 746 4727 ex
765 4671 797 4724 H
861 4671 898 4728 21
918 4673 1035 4727 testatur
1052 4670 1107 4723 BH

279 4753 397 4800 Eusebius
412 4755 455 4802 111.
1307 4757 1324 4810 5
