3750 5540
791 487 979 557 Hieronymus.
1482 497 1538 556 151

140 660 220 714 ΑΘΗ
317 654 451 736 Sychem
474 662 505 718 at
527 655 642 733 Salem,
666 678 746 739 quae
768 661 875 720 Latiae
896 667 923 720 et
949 663 1054 722 Graece
1076 657 1192 722 Sioima
1214 659 1326 721 uoeata
1349 661 1406 735 est,
1429 656 1540 721 eiuitas

232 753 326 818 leeob
357 777 440 818 nune
466 757 595 819 deserta.
639 755 815 819 ostenditur
844 762 948 820 autem
971 757 1059 822 loeus
1081 758 1114 820 in
1136 755 1323 820 suburbanis
1345 753 1541 837 Neaspoleos

231 855 318 918 iuxta
349 853 526 935 sepulerum
549 853 639 919 Iosef.
684 877 778 938 quam
810 857 966 920 subuertit
986 856 1166 921 Abimeleeb
1200 861 1231 920 et
1260 854 1428 920 seminabit
1449 855 1482 919 in
1505 878 1541 920 ea

232 953 337 1032 salem,
360 954 443 1018 sieut
464 954 496 1016 in
518 953 599 1017 libro
622 952 766 1018 Iudiaum
788 955 939 1039 seriptum
967 962 1021 1020 est.
1063 961 1173 1039 postea
1200 977 1275 1020 uero
1296 955 1471 1019 instaurata
1494 959 1541 1020 eet

197 1055 269 1118 aab
300 1053 478 1131 leroboam,
509 1058 544 1116 ut
573 1051 756 1136 Regnorum
787 1060 892 1119 narrat
927 1055 1064 1120 historia.
1117 1060 1147 1120 et
1177 1056 1237 1118 sita
1273 1058 1320 1118 est
1354 1055 1388 1118 in
1424 1055 1540 1120 finibus

230 1153 330 1217 tribus
354 1153 484 1216 Efraim.
528 1156 582 1216 sed
606 1159 636 1216 et
651 1153 735 1217 filius
751 1153 882 1219 Emmor
896 1155 1113 1238 appellabatur
1129 1154 1271 1238 Sychem,
1294 1175 1389 1236 aquo
1406 1160 1437 1218 et
1450 1155 1539 1220 loeus

229 1275 344 1318 nomen
367 1256 537 1334 acceperat.
575 1251 635 1315 fuit
658 1257 762 1316 autem
785 1259 815 1318 et
838 1254 935 1318 altera
951 1253 1085 1336 Sychem
1106 1255 1139 1318 in
1154 1257 1260 1320 monta
1276 1250 1403 1333 Efraim‚
1426 1254 1539 1320 ciuitas

228 1353 445 1434 fugitiuorum.

311 1451 458 1516 Sennaar.
504 1455 585 1515 unde
609 1453 669 1514 fuit
690 1452 846 1532 Amarfal‚
879 1454 932 1536 qui
958 1457 1107 1518 aduersus
1129 1473 1219 1536 reges
1243 1452 1451 1517 Sodomorum
1472 1453 1538 1517 bel·

179 1561 210 1615 10
227 1551 294 1615 lum
317 1553 422 1634 gessit.

311 1653 448 1716 Sodoma
458 1651 569 1715 ciuitas
579 1651 747 1733 impiorum
758 1651 865 1716 diuino
879 1652 954 1735 igne
968 1657 1154 1735 consumpta
1167 1652 1255 1716 iuxta
1271 1675 1354 1716 mere
1370 1658 1536 1716 mortuum.

309 1851 443 1916 Seboim.
487 1857 518 1914 et
547 1853 622 1915 haee
654 1851 764 1915 ciuitas
798 1852 965 1934 impiorum
996 1853 1035 1940 in
1061 1857 1203 1916 aeternos
1236 1851 1355 1916 eineres
1383 1851 1536 1917 dissoluta

224 1953 312 2016 iuxta
334 1952 444 2016 urbem
466 1954 625 2035 quondam
649 1951 825 2016 Sodomam.

287 2066 295 2081 ¹*
317 2051 426 2114 Sofera
448 2072 538 2116 mons
561 2050 689 2114 orientis
710 2050 743 2113 in
766 2049 864 2129 India,
886 2051 973 2114 iuxta
995 2072 1089 2134 quem
1110 2050 1333 2114 habitauerunt
1353 2049 1412 2112 filii
1427 2049 1533 2114 leatan
1553 2067 1602 2120 149

175 2161 206 2214 15
225 2151 283 2213 filii
314 2149 409 2226 liber,
441 2171 520 2232 quos
546 2149 666 2215 Iosefus
697 2149 793 2213 refert
823 2149 979 2215 aOofene
1010 2150 1139 2214 flumine
1162 2153 1193 2214 et
1214 2149 1320 2213 Indiae
1350 2147 1532 2231 regionibus

223 2273 321 2334 usque
345 2252 384 2312 ad
406 2249 437 2312 id
460 2248 602 2314 looorum
617 2251 805 2331 peruenisse,
820 2248 875 2312 ubi
890 2248 1068 2332 appellatur
1081 2249 1168 2332 regio
1184 2248 1272 2314 teria.
1308 2250 1364 2314 sed
1379 2252 1409 2312 et
1424 2247 1532 2312 elassis

223 2349 400 2414 Salomonis
423 2371 479 2431 per
500 2349 671 2412 triennium
692 2348 766 2412 hine
789 2350 942 2430 quaedam
966 2347 1153 2412 commercia
1175 2347 1367 2430 deportabat.

304 2547 403 2613 Soora
432 2550 507 2613 urbs
537 2549 625 2612 iuxta
656 2547 825 2612 Sodomam
857 2569 937 2630 quae
969 2551 999 2610 et
1021 2545 1122 2630 Segor
1152 2550 1183 2610 et
1204 2543 1314 2623 Zoara,
1346 2548 1384 2610 de
1415 2568 1478 2630 qua
1501 2551 1532 2610 et

221 2671 314 2731 supra
337 2647 481 2712 diximus.

170 2757 204 2812 20
304 2745 386 2810 Saue
408 2746 519 2810 ciuitas
542 2746 671 2829 antiqua
692 2747 724 2808 in
746 2767 808 2828 qua
823 2747 1046 2810 habitauerunt
1060 2743 1202 2810 Ommaei
1217 2765 1294 2828 gens
1309 2744 1422 2824 ualida,
1438 2766 1532 2827 super

220 2847 379 2930 regionem
403 2844 566 2922 Sodomae,
590 2867 683 2928 quam
708 2845 823 2908 excidit
844 2844 1121 2929 Chodollagomor.

303 2945 372 3009 Seir
393 2966 483 3010 mons
504 2946 538 3008 in
560 2949 642 3009 terra
664 2946 777 3022 Edem,
799 2946 831 3008 in
855 2966 917 3026 quo
939 2944 1095 3008 habitauit
1114 2943 1208 3023 Esau,
1230 2945 1263 3008 in
1284 2945 1412 3028 regione
1430 2944 1530 3008 Geba-

219 3044 298 3122 lena,
321 3065 401 3126 qnae
424 3066 461 3107 ex
484 3067 520 3108 eo
544 3047 629 3127 quod
650 3043 736 3109 Esau
759 3044 878 3126 pilosus
902 3049 983 3108 esset
1005 3050 1036 3107 et
1058 3044 1213 3127 hispidus,
1236 3044 1312 3124 Seir,
1335 3046 1394 3108 boe
1417 3048 1463 3108 ast
1484 3043 1530 3125 pi-

304 4281 386 4336 ·JM.
406 4280 461 4348 vgl.
480 4280 551 4334 Hier.
571 4298 667 4334 comm.
688 4281 719 4334 in
737 4282 798 4334 Abd
818 4285 845 4336 1:
872 4282 946 4336 huno
971 4281 1088 4336 eundem
1116 4281 1244 4334 uocatum
1272 4294 1329 4331 esse
1347 4276 1412 4342 Seir,
1438 4276 1528 4331 idest

219 4381 346 4450 pilosum,
366 4379 431 4450 qnia
447 4381 570 4451 hispidus
589 4384 648 4436 erat
666 4421 773 4437 .....
792 4382 967 4452 posseditque
986 4399 1046 4436 eam
1065 4381 1206 4452 regionam
1219 4397 1288 4449 quae
1302 4395 1373 4432 nunc
1387 4377 1529 4432 Gebalena

220 4482 319 4536 dicitur
337 4486 365 4537 et
382 4482 411 4536 in
429 4482 529 4538 finibus
547 4485 589 4538 est
607 4477 874 4554 Ἐλευθεροπόλεως,
893 4483 942 4538 ubi
959 4485 1024 4538 ante
1041 4483 1239 4537 habitauerunt
1255 4479 1388 4536 Hermai

306 4653 485 4706 SAmrafaie
507 4653 530 4706 0
598 4654 634 4709 12
655 4653 827 4723 consumpta]
847 4653 968 4708 resoluta
990 4653 1013 4707 0
