3780 5536
350 479 407 539 104
930 465 1071 521 Eusebius.

432 629 537 718 Ἰαθέρ
560 635 639 718 (Gen
662 641 709 713 36,
732 635 793 716 43).
834 629 929 716 χαίρα
960 625 1137 718 ἡγεμόνων
1166 627 1272 719 Ἑδώμ
1304 635 1358 701 ἐπὶ
1389 637 1450 720 τῆς
1472 628 1577 721 αὐτῆς
1601 643 1656 704 ίέ-

349 738 507 820 eamme.

733 925 904 1017 Ἀριθμῶν
926 935 981 998 καὶ
1005 937 1279 1016 Δευτερονομίου.

433 1078 607 1166 Ἰεταβαθά
631 1083 728 1164 (Num
749 1089 796 1160 33,
821 1085 882 1167 33).
931 1083 984 1148 ἐπὶ
1023 1085 1081 1167 τῆς
1117 1077 1241 1167 ἐρήμου
1277 1079 1428 1170 σταθμὸς
1465 1090 1539 1152 τῶν
1577 1085 1660 1153 υἱῶν

318 1179 486 1271 εἰσραήι.

434 1294 541 1370 Ἰαννά
564 1300 662 1382 (Num
676 1307 726 1378 21,
742 1303 803 1379 20).
850 1291 888 1384 »ἥ
910 1300 1001 1366 ἐστιν
1024 1299 1060 1365 έν
1082 1303 1188 1384 πεδίῳ
1205 1296 1314 1379 Μωὰβ
1335 1293 1403 1368 άπὸ
1425 1306 1575 1388 κορυφῆς
1598 1307 1660 1371 τοῦ

353 1403 603 1486 λελαξευμένου,
635 1395 676 1466 τὸ
707 1401 835 1480 βλέπον
866 1395 953 1464 κατὰ
983 1393 1170 1480 πρόσωπον
1202 1401 1263 1483 τῆς
1293 1396 1450 1485 ε’ρήμουι,
1484 1399 1575 1485 παρὰ
1600 1399 1660 1470 τὸν

352 1495 534 1586 Ἀρνωνᾶν.

437 1611 536 1685 Ἰεσσά
559 1617 658 1698 (Num
680 1622 729 1696 21,
753 1621 812 1692 23).
856 1612 941 1680 ένίία
963 1611 1068 1699 Σηιδν
1098 1612 1250 1695 βασιλεὺς
1277 1618 1350 1682 τῶν
1370 1609 1579 1703 Ἀμορραίων
1600 1643 1661 1684 πο-

306 1727 338 1780 10
356 1727 511 1803 λεμεῑται.
553 1717 717 1801 μέμνηται
741 1706 843 1798 αὐτῆς
864 1717 920 1779 καὶ
934 1705 1065 1792 Ἡσαΐας
1087 1714 1123 1780 ἐν
1146 1705 1258 1796 ὁράσει
1282 1720 1323 1800 τῇ
1348 1713 1453 1784 »κατὰ
1477 1720 1537 1801 τῆς
1560 1723 1661 1784 Μωα-

356 1821 512 1897 βίτιδοςι.
548 1829 655 1880 κεῖται
676 1816 731 1880 καὶ
754 1813 791 1880 έν
814 1816 865 1898 τῷ
887 1805 1027 1898 Ἱερεμίᾳ.
1059 1816 1113 1879 καὶ
1136 1815 1304 1882 δείκνυται
1328 1818 1390 1882 νῦν
1411 1813 1535 1899 μεταξὺ
1551 1821 1663 1902 Μηδα-

355 1920 427 1997 βῶν
449 1919 504 1980 καὶ
527 1917 661 2000 Δηβσῦς.

439 2025 543 2116 Ἰαζήρ
566 2030 664 2113 (Num
679 2035 729 2109 21,
752 2034 812 2110 32).
848 2022 946 2107 πόλις
969 2031 1031 2096 τοῦ
1051 2022 1247 2114 Ἀμορραίου
1270 2023 1338 2098 άπὸ
1361 2026 1386 2098 ι’
1411 2038 1548 2117 σημείου
1565 2038 1664 2099 Φιλα-

359 2134 499 2216 δελφίας
528 2125 614 2214 πρὸς
645 2133 781 2211 δυσμαῖς
808 2129 844 2195 έν
866 2133 908 2213 τῇ
932 2133 992 2195 νῦν
1016 2131 1140 2216 Περαίᾳ
1163 2133 1224 2213 της
1246 2134 1473 2216 Παλαιστίνης
1495 2125 1579 2215 ὑπὲρ
1603 2128 1665 2199 τὸν

309 2239 341 2292 15
358 2225 538 2316 Ἰορδάνην,
561 2221 581 2312 ἢ
606 2231 741 2313 γέγονεν
765 2217 862 2310 ὅριον
885 2231 994 2312 φυλῆς
1018 2221 1095 2308 Γάδ,
1126 2245 1335 2312 παρατεῖνον
1359 2228 1442 2310 »ἕως
1492 2225 1621 2317 Ἀροηρ,
1647 2225 1733 2317 η’265

359 2332 430 2399 ἐστι
452 2326 539 2398 κατὰ
560 2322 750 2411 πρόσωπον
763 2319 907 2408 Ῥαββάε.
946 2330 1108 2412 μέμνηται
1131 2330 1193 2410 τῆς
1214 2321 1318 2413 Ἰαζὴρ
1339 2322 1470 2408 Ἡσαΐας
1492 2334 1529 2398 έν
1552 2325 1666 2416 δράσει

289 2432 402 2515 33ῗτῇ
426 2425 531 2496 »κατὰ
561 2431 621 2512 τῆς
643 2428 889 2508 Μωαβίτιδοςι,
911 2432 913 2506 )
934 2430 987 2491 καὶ
1010 2420 1169 2512 Ἱερεμίας.
1213 2420 1286 2512 ἥτις
1318 2416 1359 2512 ἦν
1392 2433 1547 2508 Λευίταις
1570 2427 1665 2512 ἀρω-
1763 2451 1765 2456 ·

359 2531 504 2614 ρισμένη.
535 2531 685 2613 διέστηκε
707 2529 742 2593 δὲ
765 2528 826 2612 τῆς
840 2519 1003 2606 Ἐσσεβοόν
1025 2531 1171 2610 σημείοις
1193 2524 1245 2606 ιε’,
1268 2531 1324 2593 καὶ
1340 2530 1478 2610 φέρεται
1494 2524 1545 2596 ἐπ’
1563 2526 1666 2612 αι”της

360 2625 515 2708 ποταμὸς
536 2629 691 2712 μέγιστος
713 2628 767 2694 ἐπὶ
791 2621 853 2692 τὸν
874 2619 1045 2710 Ἰορδάνην
1060 2627 1246 2693 ἐκπίπτων.

309 2766 343 2820 20
443 2738 610 2829 Ἰορδάνης
631 2744 729 2823 (Num
749 2749 796 2824 22,
822 2746 859 2826 1).
897 2737 1050 2827 ποταμὸς
1074 2744 1214 2826 διαιρῶν
1236 2738 1299 2828 τὴν
1319 2736 1481 2810 Ἰουδαίαν
1503 2738 1668 2831 τηςἈρα-

361 2850 433 2928 βίας
456 2849 511 2912 καί
534 2840 597 2912 τὸν
618 2847 710 2930 μέχρι
733 2847 852 2928 νεκρᾶς
878 2839 1052 2928 θαλάσσης
1075 2835 1233 2923 Αὐλῶνα,
1276 2833 1313 2922 ὃς
1335 2847 1390 2909 καὶ
1413 2844 1591 2912 ἐκπίπτων
1614 2843 1669 2912 διὰ

361 2939 513 3030 Ἱεριχοῦς
535 2945 588 3011 ἐπὶ
613 2939 675 3029 τὴν
699 2939 821 3027 νεκρὰν
842 2940 1019 3011 θάλασσαν
1041 2944 1086 3020 είς
1110 2935 1217 3026 αὐτὴν
1239 2935 1445 3026 ἀφανίζεται.

443 3055 615 3142 Ἰεταβαθά
652 3063 748 3142 (Deut
779 3069 825 3138 10,
851 3063 890 3129 7).
946 3054 1134 3144 »χειμάρροι
1170 3053 1336 3140 όδάτωνι,
1375 3053 1482 3139 τόπος
1518 3063 1572 3129 ἐπὶ
1611 3065 1670 3146 της

362 3157 494 3246 ἐρήμου.

311 3291 344 3343 25
446 3269 567 3360 Ἰεριχαό
590 3277 687 3356 (Deut
709 3284 757 3350 32,
780 3278 840 3360 49).
883 3269 983 3356 πόλις
1004 3271 1046 3361 ἣν
1064 3282 1275 3360 κατέσκαψεν
1297 3268 1427 3360 Ἰησοῦς,
1452 3275 1514 3345 τὸν
1535 3281 1671 3359 βασιλέα

365 3371 469 3462 αὐτῆς
492 3370 634 3444 άνελιόν.
665 3369 743 3444 ἄνθ’
767 3365 805 3462 ἧς
829 3375 947 3460 ἑτέραν
969 3369 1099 3461 ἤγειρεν
1121 3369 1213 3458 ’(λζὰν
1235 3377 1270 3442 ἐκ
1289 3373 1424 3462 Βαιθὴλ
1448 3380 1556 3462 φυλ”)ς
1579 3369 1671 3460 Ἐορ-

362 3477 429 3563 αίμ,
461 3469 504 3560 ἣν
527 3467 545 3544 ὁ
568 3470 682 3561 κύριος
705 3469 802 3561 ἡμῶν
822 3469 946 3562 Ἰησοῦς
969 3469 987 3545 ὁ
1012 3473 1158 3562 Χριστὸς
1190 3479 1251 3562 τῆς
1281 3479 1367 3555 ἰδίας
1397 3481 1583 3559 παρουσίας
1608 3471 1671 3562 ἠξί-

364 3595 460 3644 ωσεν.
502 3581 771 3662 καταβληβείσης
802 3578 837 3642 δὲ
868 3580 922 3644 καὶ
955 3569 1058 3660 αὐτῆς
1090 3578 1143 3643 έπὶ
1171 3579 1232 3661 τῆς
1254 3579 1454 3660 πολιορκίας
1477 3579 1537 3662 τῆς
1558 3569 1671 3660 Ἰερου-

363 3671 474 3760 σαλὴμ
497 3671 550 3742 διὰ
573 3671 636 3761 τὴν
659 3679 733 3744 τῶν
755 3671 987 3744 ἐνοικούντων
1011 3669 1185 3745 άπιστίαν,
1208 3672 1305 3758 ἑτέρα
1328 3677 1364 3743 ἐκ
1387 3681 1506 3759 τρίτου
1530 3681 1672 3761 συνέστη

311 3785 344 3839 30
364 3775 409 3854 εἰς
431 3773 483 3842 ἔτι
505 3779 567 3843 νῦν
591 3778 785 3860 δεικνυμένη
807 3768 914 3854 πόλις.
957 3780 1013 3842 καὶ
1036 3777 1109 3842 τῶν
1132 3770 1190 3843 δύο
1215 3776 1249 3842 δὲ
1273 3779 1347 3840 τῶν
1362 3777 1542 3859 προτέρων
1559 3776 1603 3854 είς
1622 3775 1671 3843 ἔτι

365 3877 427 3941 νῦν
449 3869 491 3941 τὰ
515 3875 589 3960 ἰ’χνη
612 3871 762 3960 σῴζεται,

452 4076 490 4130 10
508 4076 554 4130 Jes
573 4079 645 4140 15‚4
753 4077 788 4131 ll
810 4077 856 4130 Jer
882 4077 923 4140 48,
951 4078 991 4132 21.
1018 4077 1051 4129 34
1156 4076 1193 4131 15
1212 4075 1258 4130 Jos
1287 4079 1327 4141 13,
1346 4079 1378 4132 25
1481 4078 1580 4132 161εε
1601 4080 1674 4134 MS

367 4178 402 4232 17
424 4177 530 4244 1οτ48,
549 4179 594 4240 32;
614 4178 661 4232 ίοε
678 4180 720 4245 21,
738 4179 770 4232 31
841 4177 878 4233 25
898 4177 970 4231 Cart.
988 4177 1060 4232 Med.
1079 4180 1107 4233 6:
1132 4179 1279 4242 mmm
1298 4178 1346 4233 Jos
1365 4181 1389 4240 δ,
1407 4179 1439 4232 23
1527 4179 1594 4234 231
1614 4181 1673 4232 Κὸη

368 4281 408 4345 16,
427 4279 460 4334 34
530 4281 566 4334 27
589 4281 679 4335 Matth
697 4281 738 4344 20,
757 4281 790 4335 23
808 4280 869 4332 Par.

454 4447 469 4501 1
490 4451 662 4520 γαιβαληνῆς
680 4449 703 4500 V
790 4447 961 4518 βκαρυφῆς]
980 4455 1012 4511 -1-
1032 4445 1133 4518 (Ιιασγά
1153 4446 1279 4502 τοιτέστι
1297 4446 1368 4501 nach
1388 4447 1434 4500 H‘?
1452 4449 1507 4518 vgl.
1527 4466 1552 4502 u.
1572 4447 1674 4519 Φασμιί

368 4548 407 4602 10
424 4553 473 4616 τῆς
490 4547 562 4605 κατὰ
583 4551 607 4603 V
644 4551 682 4606 15
701 4547 762 4604 Γείδ
779 4549 944 4604 Gressmann
962 4549 988 4602 H
1006 4547 1066 4604 Δάν
1086 4549 1107 4602 V
1146 4551 1181 4605 16
1199 4545 1298 4621 ῥαββόι
1315 4550 1340 4602 V
1376 4550 1414 4605 21
1429 4551 1478 4604 καί
1495 4579 1528 4589 -
1546 4549 1674 4620 Αίλιῑυά)

365 4651 513 4706 besserH?
