3780 5536
786 489 976 560 Hieronymus.

26 749 33 780 e
134 733 215 789 ΑΘΗ
699 725 748 789 De
770 725 952 811 Regnorum
973 726 1071 794 libris.

314 875 451 941 Geththa
477 878 518 940 ad
545 897 639 960 quem
665 875 772 942 locum
792 877 1020 943 transtulerunt
1040 900 1146 943 arcam
1166 879 1347 944 testamenti
1368 882 1406 944 de
1428 881 1538 947 Azoto.

226 997 310 1041 nunc
339 975 430 1041 uicus
461 975 589 1059 grandis
617 981 750 1042 uocatur
772 975 936 1042 Giththam
956 979 1040 1043 inter
1065 977 1299 1061 Antipatridem
1326 983 1357 1044 et
1377 979 1537 1045 lamniam.

227 1078 282 1140 sed
305 1080 335 1140 et
357 1075 420 1140 alia
441 1075 619 1160 appellatur
640 1075 811 1141 Geththim.

193 1191 210 1244 5
311 1173 428 1240 Gallim
449 1177 533 1240 unde
554 1174 616 1240 fuit
636 1174 728 1254 Falti,
751 1176 806 1260 qui
827 1181 900 1260 post
921 1178 1031 1262 fugam
1052 1176 1159 1242 Dauid
1173 1175 1312 1246 Melchol
1326 1201 1457 1245 uxorem
1472 1180 1538 1246 eius

228 1279 399 1358 acceperat
432 1274 577 1340 meminit
597 1276 691 1340 huius
712 1275 776 1342 loci
799 1282 829 1341 et
850 1275 970 1343 Esaias.
1003 1277 1118 1342 dicitur
1138 1281 1243 1341 autem
1266 1299 1333 1343 esse
1354 1279 1536 1363 etquidem

227 1375 316 1439 iuxta
336 1375 483 1440 Accaron
505 1373 595 1438 uicus
616 1374 671 1458 qui
692 1380 826 1442 uocatur
846 1374 969 1442 Gallae.

311 1473 475 1540 Gelamsur
496 1475 584 1558 regio
607 1472 829 1558 Alloiylorum.

310 1572 434 1639 Gelbue
456 1578 578 1639 montes
594 1572 841 1656 alienigenarum
861 1575 895 1639 in
909 1577 998 1639 sexto
1013 1574 1118 1658 lapide
1133 1598 1151 1639 a
1165 1574 1358 1660 Scythopoli,
1372 1577 1406 1641 in
1421 1579 1536 1662 quibus

176 1687 210 1741 10
228 1676 260 1738 et
279 1673 370 1738 uicus
392 1677 440 1738 est
462 1674 590 1757 grandis
612 1673 668 1758 qui
689 1672 866 1756 appellatur
888 1673 1014 1740 Gelbus.

312 1771 423 1837 Gedud
452 1775 494 1837 ad
520 1795 615 1857 quem
642 1773 807 1837 descendit
832 1773 946 1838 Dauid.
989 1794 1046 1857 pro
1075 1794 1139 1859 quo
1161 1774 1279 1859 Aquila
1299 1767 1363 1841 τὸν
1386 1761 1536 1858 εὔζωνον

225 1877 259 1935 id
286 1881 328 1936 est
358 1877 525 1954 mpeditum
546 1875 596 1936 ael
624 1877 795 1952 macetum,
830 1872 1036 1956 Symmachus
1071 1872 1230 1939 latronum
1266 1896 1400 1940 cuneum
1436 1880 1536 1940 truns-

225 1971 373 2036 tulerunt

310 2069 427 2136 Gazara
448 2071 502 2136 ubi
523 2072 679 2156 percussit
700 2070 806 2137 Dauid
827 2071 1029 2156 alienigenas.
1072 2072 1236 2157 posuimus
1259 2077 1290 2137 et
1311 2095 1406 2158 supra
1430 2073 1535 2140 Gezer.

159 2284 208 2338 ·15
309 2269 410 2338 Gesur
430 2273 518 2357 regio
542 2272 788 2356 alienigenarum
809 2271 842 2336 in
865 2271 963 2356 Syria

309 2370 404 2438 Gilon
425 2375 508 2436 unde
529 2371 591 2436 fuit
611 2371 781 2437 Achitofel

308 2471 376 2536 Gob
399 2470 454 2536 ubi
476 2472 678 2536 commissum
700 2476 749 2536 ast
769 2471 933 2554 proelium.

309 2568 458 2637 Galilaea.
487 2573 567 2636 duae
588 2575 662 2636 sunt
684 2569 850 2651 Galilaeae,
873 2593 889 2636 e
911 2571 1027 2655 quibus
1048 2594 1112 2636 una
1126 2569 1269 2637 Galilaea
1284 2572 1426 2656 gentium
1441 2595 1534 2638 noca-

225 2674 285 2748 tur,
314 2669 420 2735 uicina
449 2669 566 2736 finibus
588 2669 764 2753 Tyriorum,
794 2670 849 2735 ubi
872 2675 903 2736 et
931 2670 1081 2736 Salomon
1102 2671 1217 2754 uiginti
1238 2671 1381 2736 ciuitates
1404 2675 1535 2738 donauit

173 2780 208 2835 20
225 2767 352 2834 chiram
373 2769 441 2853 regi
463 2767 548 2852 Tyri,
568 2769 602 2834 in
623 2774 708 2836 sorte
728 2771 830 2836 tribus
853 2768 1037 2849 Neithalim,
1052 2769 1152 2836 altera
1167 2769 1308 2837 Galilaea
1322 2771 1437 2836 dicitur
1452 2773 1535 2838 eirca

225 2868 424 2934 Tiberiadem
446 2871 478 2933 et
498 2872 647 2952 stagnum
670 2867 861 2935 Genesareth
883 2871 916 2935 in
937 2869 1023 2934 tribu
1044 2868 1194 2937 Zabulon.

308 2967 389 3034 Gion
410 2968 468 3032 ubi
490 2966 640 3036 Salomon
662 2973 710 3034 eat
730 2973 844 3034 unctus
865 2970 899 3034 in
920 2989 1035 3054 regem.

308 3066 370 3133 Ger
399 3067 488 3132 locus
518 3066 636 3152 inquo
658 3069 814 3152 percussit
842 3067 898 3134 leu
923 3091 978 3134 rex
1000 3069 1097 3134 lsrael
1118 3066 1288 3134 Ochoziam
1309 3089 1416 3155 regem
1438 3069 1535 3136 Iudae

224 3168 313 3232 iuxta
333 3166 482 3233 Ieblaam.

173 3277 207 3331 25
309 3265 555 3332 Geththaohofer
575 3270 659 3332 unde
681 3266 774 3332 Ionas
795 3267 920 3352 profete
941 3267 1010 3332 fuit

302 3365 313 3450 ll
330 3364 432 3431 Gaddi
453 3388 549 3451 quam
569 3367 725 3450 percussit
746 3366 844 3432 Auael
874 3389 930 3432 rex
959 3365 1116 3434 Damasci.
1161 3367 1267 3453 posita
1299 3371 1346 3433 est
1377 3371 1408 3433 et
1440 3391 1535 3452 supra
1552 3381 1603 3436 130

226 3465 343 3532 Gadda.

310 3565 437 3633 Gemela
463 3566 551 3651 regio
578 3565 808 3647 Idumaeorum,
834 3589 891 3650 pro
918 3588 982 3651 qua
1007 3565 1125 3651 Aquila
1147 3571 1179 3632 et
1204 3565 1413 3651 Symmachus
1440 3568 1535 3634 inter·

225 3671 390 3751 pretantur
410 3665 527 3731 uallem
549 3665 632 3731 salis.

310 3882 392 3940 SM.
410 3883 466 3954 agl.
480 3883 553 3940 Hier.
572 3901 669 3941 comm.
686 3883 716 3938 in
733 3885 787 3942 lon
800 3884 895 3956 praei:
914 3884 987 3940 Geth
1004 3901 1075 3954 quae
1092 3885 1134 3938 est
1150 3882 1181 3938 in
1192 3880 1260 3938 Ofer'
1268 3921 1354 3940 .....
1366 3881 1397 3936 in
1415 3881 1534 3939 secundo

225 3984 369 4055 Saphorim
394 3984 522 4054 miliario,
550 4003 620 4055 quae
637 3985 719 4044 hodie
737 3986 893 4059 appellatur
911 3986 1099 4052 Diocaesarea,
1122 3983 1250 4040 euntibus
1267 3983 1442 4040 'tiberiadem
1459 3983 1534 4038 haud

226 4085 337 4156 grandis
355 4089 397 4142 est
413 4086 533 4152 uiculus,
559 4087 608 4142 ubi
626 4090 655 4143 et
672 4105 815 4158 sepnorum
834 4087 892 4142 eius
910 4084 1071 4142 ostenditur.
1106 4103 1273 4157 quamquam
1295 4084 1344 4141 alii
1361 4085 1440 4140 iuxta
1458 4084 1534 4142 Dios·

225 4185 319 4256 polim,
337 4187 367 4241 id
382 4191 424 4242 eet
436 4187 570 4258 lyddam,
588 4205 651 4244 eum
669 4191 697 4244 et
708 4191 806 4243 natum
818 4191 847 4243 et
858 4187 1000 4244 conditum
1012 4185 1108 4254 uelint,
1125 4205 1181 4244 non
1192 4186 1381 4258 intelligentes
1394 4188 1449 4242 hoc
1460 4187 1535 4256 quod

225 4285 336 4343 additur
353 4288 445 4360 Opher
462 4288 498 4343 ad
516 4289 721 4346 distinctionem
739 4289 857 4344 aliarum
874 4288 947 4345 Geth
964 4287 1074 4344 urbium
1092 4287 1240 4359 pertinere',
1268 4305 1339 4357 quae
1356 4289 1435 4344 iuxta
1452 4287 1532 4343 Eleu·

143 4394 147 4400 '
225 4389 391 4461 theropolim
409 4390 466 4446 sine
484 4391 638 4463 Diospolim
657 4391 740 4448 hodie
757 4407 867 4461 quoque
885 4393 1074 4446 monstrantur

308 4559 328 4615 4
346 4559 412 4629 alia]
434 4567 465 4625 4-
482 4561 553 4616 uilla
574 4561 628 4617 GH
705 4560 863 4631 lGiththim
882 4561 915 4615 H
997 4562 1011 4616 7
1032 4562 1110 4616 iuxta
1130 4567 1164 4619 <
1182 4558 1267 4614 ΔΒΗ
1349 4559 1385 4614 11
1405 4557 1422 4612 l.
1440 4557 1534 4612 Gedur

226 4660 264 4715 1a
283 4659 393 4730 uiginti]
408 4668 440 4726 4-
453 4662 578 4731 quinque
595 4663 638 4716 Lo
707 4664 744 4718 21
766 4663 906 4717 Gennesar
923 4663 948 4715 A
968 4661 1157 4717 Gennesareth
1174 4660 1207 4714 H
