3750 5540
770 497 958 566 Hieronymus.

117 657 200 714 ΑΘΗ
299 662 435 727 Ralhma
457 663 489 727 in
512 667 634 729 deserto
657 669 759 730 eastra
781 666 917 731 filiorum
940 665 1044 731 lsrael.

300 761 545 841 Remmonfares‚
568 765 623 828 ubi
645 765 704 828 filii
724 764 820 830 Israel
843 771 945 830 eastra
966 765 1074 830 metali
1097 769 1177 828 sunl.

300 860 397 926 Bessa
420 869 521 928 eastra
542 863 680 929 filiorum
703 865 807 930 lsrael.

296 961 432 1026 Ramoth
462 964 495 1027 in
527 963 611 1028 tribu
636 964 711 1042 Gad,
744 967 855 1030 oiuilas
878 965 1080 1030 sacerdotalis
1103 969 1134 1028 el
1155 964 1362 1048 fugitiuorum
1384 963 1417 1026 in
1439 968 1521 1027 terra

176 1066 192 1118 5
212 1059 418 1126 Galaaditide.
455 1085 539 1127 nune
561 1068 664 1128 autem
688 1069 735 1129 eal
755 1066 844 1130 uious
866 1065 897 1128 in
922 1066 1031 1148 quinto
1052 1067 1172 1130 decimo
1188 1064 1323 1128 miliario
1338 1061 1520 1126 Filadelfiae

210 1163 320 1223 eontra
342 1161 502 1226 orientem.

272 1259 281 1342 il
303 1259 426 1325 Reoem.
469 1263 547 1326 haee
577 1268 623 1327 est
644 1262 738 1327 Petra
769 1264 880 1328 ciuitas
904 1263 1052 1344 Arabiae,
1084 1264 1117 1327 in
1148 1285 1210 1346 qua
1231 1261 1377 1345 regnauit
1398 1261 1518 1328 Roeom
1538 1263 1599 1334 14⁶.

208 1382 303 1443 quem
325 1361 550 1424 interfecerunt
572 1361 630 1425 filii
651 1360 755 1428 Israel.
800 1364 915 1428 dieitur
937 1368 1040 1427 autem
1064 1364 1131 1446 ipse
1154 1385 1208 1426 rex
1230 1384 1356 1446 quoque
1372 1361 1520 1426 Mediam.

736 1645 783 1708 De
805 1644 885 1710 libro
908 1644 988 1709 Iesu.

157 1811 189 1862 10
293 1792 448 1858 Remmon
471 1795 503 1857 in
526 1794 609 1858 tribu
626 1793 791 1873 Symeonis
814 1796 880 1858 siue
902 1795 1006 1858 ludae.
1042 1795 1197 1878 hodieque
1221 1799 1268 1858 eat
1289 1795 1378 1859 uious
1394 1796 1518 1859 nomine

208 1893 364 1958 Remmon
388 1893 475 1957 iuxla
490 1893 612 1956 Aeliam
635 1900 743 1958 eontra
765 1894 945 1977 aquilonem
966 1894 1000 1956 in
1023 1893 1134 1976 quinto
1155 1894 1276 1958 deoimo
1293 1895 1359 1958 eius
1374 1894 1517 1960 miliario.

292 1991 393 2075 Rogel
415 2014 530 2056 nomen
553 1993 649 2057 fontis
671 1994 704 2057 in
727 1995 810 2056 tribu
834 1993 1006 2057 Beniamin.

292 2091 392 2156 Rama
423 2093 457 2155 in
485 2093 568 2156 tribu
590 2092 759 2156 Beniamin
781 2093 892 2157 ciuitas
915 2092 1018 2157 Saulis
1040 2093 1070 2156 in
1094 2097 1184 2157 sexlo
1206 2091 1341 2157 miliario
1364 2093 1403 2156 ab
1426 2093 1517 2158 Aelia

186 2196 247 2256 'ad
270 2191 545 2274 septentrionalem
568 2193 694 2274 plagam
717 2198 825 2256 eontra
846 2192 967 2255 Bethel.
1010 2192 1154 2256 meminit
1184 2193 1277 2256 huius
1309 2197 1340 2257 et
1361 2193 1516 2258 Ieremiaa

157 2307 188 2360 15
291 2291 407 2356 Beoem
430 2292 462 2355 in
483 2291 568 2354 tribu
590 2290 765 2356 Beniamin.

291 2391 454 2456 Remmon.
497 2397 585 2472 petra
607 2391 762 2455 Remmon
784 2391 816 2454 in
838 2391 922 2454 tribu
945 2390 1110 2472 Symeonis
1133 2391 1199 2454 siue
1221 2389 1370 2457 Zabulon.

255 2592 435 2656 JRabbolh
466 2591 498 2654 in
529 2591 613 2654 tribu
636 2590 785 2654 lssaohar.
829 2595 875 2653 est
905 2612 1004 2673 usque
1035 2575 1127 2654 hodie
1159 2590 1221 2654 alia
1252 2589 1329 2653 uilla
1350 2589 1460 2654 Rebbo
1483 2591 1515 2653 in

195 2650 322 2860 suibus
344 2691 626 2772 Eleutheropoleos
649 2693 688 2752 ad
710 2689 786 2754 solis
808 2692 920 2754 ortum.

290 2790 427 2855 Rethom
449 2789 482 2852 in
503 2790 588 2853 tribu
611 2788 760 2853 lesaohar.

154 2902 187 2958 20
290 2891 381 2956 Roob
403 2891 436 2953 in
459 2890 542 2952 tribu
565 2891 645 2952 Aser
667 2889 777 2952 ciuiles
800 2893 942 2971 separala
964 2888 1089 2954 Leuilis.

288 2991 388 3056 Rama
409 2991 442 3053 in
464 2989 548 3052 tribu
570 2989 651 3052 Aser
671 3011 771 3071 usque
794 2991 833 3051 ad
856 2988 1015 3052 ciuitatem
1038 2989 1192 3052 munitam
1214 2987 1389 3070 Tyriorum.

288 3190 388 3255 Rama
410 3190 441 3252 in
465 3189 549 3252 tribu
572 3187 757 3251 Neflhalim.

248 3371 249 3376 ἵ
286 3295 395 3352 Idea-eo
418 3293 516 3351 euclem
538 3293 662 3350 nomino
683 3292 852 3350 remedorum
868 3291 1003 3350 tribubus
1017 3291 1115 3350 uariis
1130 3291 1333 3366 assequantur,
1357 3291 1427 3366 quia
1443 3308 1510 3346 oum

205 3396 287 3471 opud
313 3413 369 3452 noe
399 3411 496 3452 unum
526 3410 635 3450 nomon
657 3410 762 3450 sonore
784 3391 958 3464 uideantur,
985 3392 1068 3467 oprrd
1088 3391 1232 3450 Hebraeos
1254 3391 1383 3448 diuersis
1404 3389 1512 3466 amiato

152 3501 185 3556 25
204 3500 277 3552 sual
298 3493 409 3578 lillerus.

286 3587 424 3651 Beneath
448 3589 480 3651 in
502 3587 586 3651 lribu
609 3585 793 3650 Neflhalim.

285 3687 394 3765 Ruma,
418 3709 499 3770 quae
521 3693 552 3750 el
574 3687 691 3762 Arima,
713 3686 767 3750 ubi
789 3685 870 3748 sedit
892 3683 1085 3764 Abimeleeh,
1107 3684 1189 3748 sieut
1209 3684 1242 3747 in
1263 3683 1345 3748 libro
1368 3683 1511 3748 ludioum

201 3788 352 3869 seriptum
383 3792 439 3850 est.
483 3809 562 3870 quae
592 3807 675 3850 nuno
706 3785 882 3868 appellatur
912 3783 1075 3848 Remflhis.
1120 3788 1167 3847 esl
1197 3786 1302 3846 aulem
1331 3784 1364 3846 in
1396 3783 1510 3846 linibus

199 3887 395 3970 Diospoleos‚
419 3893 449 3952 el
470 3911 489 3950 o
505 3891 655 3968 plerisque
677 3886 879 3950 Arimathaea
901 3908 983 3950 nuno
1006 3885 1129 3948 dieitur.

284 4291 347 4346 AB.
367 4291 421 4360 vgl.
440 4289 512 4343 Hier.
533 4308 629 4344 comm.
650 4288 678 4342 iu
697 4290 749 4344 Jon
767 4293 791 4352 4,
810 4293 826 4344 5
908 4291 988 4346 len.
1008 4290 1062 4358 vgl.
1081 4287 1153 4340 Hier.
1173 4303 1269 4340 comm.
1290 4285 1319 4339 in
1337 4284 1393 4336 Hos
1412 4287 1435 4349 5,
1454 4284 1508 4339 Sl:

197 4375 285 4428 Rama
304 4414 309 4425 .
328 4416 334 4428 .
354 4416 359 4428 .
379 4375 408 4428 in
426 4375 500 4428 tribu
520 4373 662 4427 Beniamin
682 4415 688 4425 .
707 4415 713 4427 .
733 4414 738 4425 .
757 4375 785 4428 in
805 4373 921 4444 septimo
940 4374 1032 4443 lepide
1045 4391 1062 4426 a
1080 4370 1253 4439 ierosolymis
1272 4369 1325 4422 sita

280 4565 299 4616 6
317 4561 487 4616 occidentem
512 4559 636 4613 lallarsr'
690 4561 702 4613 ῖ
725 4559 884 4613 RoaoamA
902 4559 1018 4613 Trocam
1038 4559 1068 4610 ll
1118 4557 1152 4610 17
1175 4555 1285 4610 Raboth
1302 4555 1324 4608 O
1339 4554 1466 4608 Raboolh
1479 4553 1511 4606 H

196 4666 235 4720 28
254 4663 383 4717 Remfihis
403 4664 426 4716 A

246 4749 364 4792 Eusebius
379 4749 420 4792 111.
1281 4727 1313 4778 10
